timestamp;buyer;seller;symbol;currency;price;quantity
0;;;CROISSANTS;SEASHELLS;4265.0;8
100;;;RAINFOREST_RESIN;SEASHELLS;9999.0;1
200;;;CROISSANTS;SEASHELLS;4266.0;8
200;;;JAMS;SEASHELLS;6520.0;7
200;;;KELP;SEASHELLS;2046.0;1
200;;;SQUID_INK;SEASHELLS;1803.0;1
300;;;KELP;SEASHELLS;2044.0;1
300;;;SQUID_INK;SEASHELLS;1801.0;1
500;;;KELP;SEASHELLS;2047.0;2
500;;;SQUID_INK;SEASHELLS;1804.0;2
600;;;CROISSANTS;SEASHELLS;4266.0;5
700;;;RAINFOREST_RESIN;SEASHELLS;9997.0;9
900;;;KELP;SEASHELLS;2043.0;8
900;;;RAINFOREST_RESIN;SEASHELLS;9998.0;4
900;;;SQUID_INK;SEASHELLS;1803.0;8
1000;;;JAMS;SEASHELLS;6522.0;4
1200;;;JAMS;SEASHELLS;6521.0;9
1200;;;KELP;SEASHELLS;2043.0;1
1200;;;SQUID_INK;SEASHELLS;1804.0;1
1300;;;PICNIC_BASKET1;SEASHELLS;58732.0;6
1300;;;PICNIC_BASKET2;SEASHELLS;30114.0;6
1300;;;RAINFOREST_RESIN;SEASHELLS;10003.0;1
1500;;;KELP;SEASHELLS;2044.0;1
1500;;;MAGNIFICENT_MACARONS;SEASHELLS;660.0;5
1500;;;SQUID_INK;SEASHELLS;1804.0;1
1600;;;CROISSANTS;SEASHELLS;4267.0;8
1700;;;DJEMBES;SEASHELLS;13417.0;3
2000;;;DJEMBES;SEASHELLS;13415.0;2
2000;;;SQUID_INK;SEASHELLS;1806.0;1
2100;;;RAINFOREST_RESIN;SEASHELLS;10008.0;4
2300;;;DJEMBES;SEASHELLS;13416.0;2
2400;;;MAGNIFICENT_MACARONS;SEASHELLS;684.0;4
2500;;;JAMS;SEASHELLS;6522.0;6
2800;;;JAMS;SEASHELLS;6520.0;9
2900;;;JAMS;SEASHELLS;6520.0;10
3200;;;KELP;SEASHELLS;2045.0;2
3200;;;SQUID_INK;SEASHELLS;1807.0;2
3500;;;SQUID_INK;SEASHELLS;1807.0;1
3500;;;VOLCANIC_ROCK_VOUCHER_10000;SEASHELLS;234.0;14
3500;;;VOLCANIC_ROCK_VOUCHER_10000;SEASHELLS;234.0;2
3500;;;VOLCANIC_ROCK_VOUCHER_10250;SEASHELLS;64.0;14
3500;;;VOLCANIC_ROCK_VOUCHER_10250;SEASHELLS;64.0;2
3500;;;VOLCANIC_ROCK_VOUCHER_10500;SEASHELLS;9.0;14
3500;;;VOLCANIC_ROCK_VOUCHER_10500;SEASHELLS;9.0;2
3500;;;VOLCANIC_ROCK_VOUCHER_9500;SEASHELLS;722.0;14
3500;;;VOLCANIC_ROCK_VOUCHER_9500;SEASHELLS;722.0;2
3500;;;VOLCANIC_ROCK_VOUCHER_9750;SEASHELLS;473.0;14
3500;;;VOLCANIC_ROCK_VOUCHER_9750;SEASHELLS;473.0;2
3700;;;KELP;SEASHELLS;2044.0;5
3700;;;SQUID_INK;SEASHELLS;1807.0;5
3900;;;VOLCANIC_ROCK;SEASHELLS;10217.0;10
4200;;;VOLCANIC_ROCK_VOUCHER_10000;SEASHELLS;227.0;7
4200;;;VOLCANIC_ROCK_VOUCHER_10250;SEASHELLS;61.0;7
4200;;;VOLCANIC_ROCK_VOUCHER_10500;SEASHELLS;8.0;7
4200;;;VOLCANIC_ROCK_VOUCHER_9500;SEASHELLS;714.0;7
4200;;;VOLCANIC_ROCK_VOUCHER_9750;SEASHELLS;465.0;7
4500;;;RAINFOREST_RESIN;SEASHELLS;9998.0;3
4600;;;JAMS;SEASHELLS;6523.0;10
4600;;;KELP;SEASHELLS;2046.0;1
4600;;;SQUID_INK;SEASHELLS;1804.0;1
4700;;;KELP;SEASHELLS;2047.0;4
4700;;;SQUID_INK;SEASHELLS;1805.0;4
4800;;;RAINFOREST_RESIN;SEASHELLS;9992.0;7
4800;;;VOLCANIC_ROCK_VOUCHER_10000;SEASHELLS;232.0;15
4800;;;VOLCANIC_ROCK_VOUCHER_9500;SEASHELLS;717.0;15
4800;;;VOLCANIC_ROCK_VOUCHER_9750;SEASHELLS;468.0;15
4900;;;DJEMBES;SEASHELLS;13421.0;7
4900;;;KELP;SEASHELLS;2047.0;2
4900;;;SQUID_INK;SEASHELLS;1806.0;2
5000;;;CROISSANTS;SEASHELLS;4267.0;4
5100;;;RAINFOREST_RESIN;SEASHELLS;10003.0;2
5300;;;RAINFOREST_RESIN;SEASHELLS;9992.0;7
5400;;;KELP;SEASHELLS;2044.0;5
5400;;;VOLCANIC_ROCK;SEASHELLS;10220.0;7
5500;;;JAMS;SEASHELLS;6522.0;4
5700;;;KELP;SEASHELLS;2047.0;14
5700;;;PICNIC_BASKET1;SEASHELLS;58704.0;1
5700;;;PICNIC_BASKET1;SEASHELLS;58703.0;1
5700;;;PICNIC_BASKET2;SEASHELLS;30091.0;2
5700;;;SQUID_INK;SEASHELLS;1808.0;14
5800;;;KELP;SEASHELLS;2047.0;14
5800;;;SQUID_INK;SEASHELLS;1808.0;14
5900;;;KELP;SEASHELLS;2047.0;12
5900;;;KELP;SEASHELLS;2045.0;1
5900;;;SQUID_INK;SEASHELLS;1809.0;12
5900;;;SQUID_INK;SEASHELLS;1807.0;1
6100;;;DJEMBES;SEASHELLS;13419.0;5
6100;;;KELP;SEASHELLS;2044.0;5
6100;;;KELP;SEASHELLS;2046.0;8
6100;;;SQUID_INK;SEASHELLS;1806.0;5
6100;;;VOLCANIC_ROCK;SEASHELLS;10223.0;10
6200;;;JAMS;SEASHELLS;6524.0;3
6300;;;RAINFOREST_RESIN;SEASHELLS;10001.0;1
6400;;;CROISSANTS;SEASHELLS;4266.0;8
6400;;;RAINFOREST_RESIN;SEASHELLS;10001.0;1
6600;;;RAINFOREST_RESIN;SEASHELLS;9999.0;1
6800;;;JAMS;SEASHELLS;6525.0;5
6800;;;RAINFOREST_RESIN;SEASHELLS;10008.0;4
6900;;;DJEMBES;SEASHELLS;13417.0;2
7000;;;VOLCANIC_ROCK_VOUCHER_10000;SEASHELLS;241.0;15
7000;;;VOLCANIC_ROCK_VOUCHER_9500;SEASHELLS;726.0;15
7000;;;VOLCANIC_ROCK_VOUCHER_9750;SEASHELLS;477.0;15
7100;;;CROISSANTS;SEASHELLS;4266.0;7
7200;;;CROISSANTS;SEASHELLS;4267.0;5
7300;;;JAMS;SEASHELLS;6526.0;8
7300;;;RAINFOREST_RESIN;SEASHELLS;10001.0;1
7400;;;KELP;SEASHELLS;2044.0;1
7400;;;SQUID_INK;SEASHELLS;1807.0;1
7500;;;JAMS;SEASHELLS;6527.0;7
7600;;;VOLCANIC_ROCK_VOUCHER_10000;SEASHELLS;238.0;13
7600;;;VOLCANIC_ROCK_VOUCHER_10250;SEASHELLS;67.0;13
7600;;;VOLCANIC_ROCK_VOUCHER_10500;SEASHELLS;9.0;13
7600;;;VOLCANIC_ROCK_VOUCHER_9500;SEASHELLS;727.0;13
7600;;;VOLCANIC_ROCK_VOUCHER_9750;SEASHELLS;478.0;13
7800;;;KELP;SEASHELLS;2046.0;1
7800;;;SQUID_INK;SEASHELLS;1810.0;1
7900;;;CROISSANTS;SEASHELLS;4267.0;8
7900;;;JAMS;SEASHELLS;6526.0;5
8000;;;MAGNIFICENT_MACARONS;SEASHELLS;667.0;2
8200;;;JAMS;SEASHELLS;6524.0;5
8600;;;MAGNIFICENT_MACARONS;SEASHELLS;658.0;6
8900;;;PICNIC_BASKET1;SEASHELLS;58772.0;2
8900;;;PICNIC_BASKET1;SEASHELLS;58772.0;1
8900;;;PICNIC_BASKET2;SEASHELLS;30105.0;3
9000;;;RAINFOREST_RESIN;SEASHELLS;10003.0;8
9100;;;PICNIC_BASKET1;SEASHELLS;58767.0;1
9100;;;PICNIC_BASKET2;SEASHELLS;30099.0;9
9200;;;VOLCANIC_ROCK;SEASHELLS;10227.0;1
9300;;;JAMS;SEASHELLS;6525.0;9
9300;;;RAINFOREST_RESIN;SEASHELLS;9992.0;5
9300;;;VOLCANIC_ROCK;SEASHELLS;10226.0;10
9400;;;KELP;SEASHELLS;2044.0;1
9400;;;MAGNIFICENT_MACARONS;SEASHELLS;652.0;5
9400;;;SQUID_INK;SEASHELLS;1809.0;1
9400;;;VOLCANIC_ROCK_VOUCHER_10000;SEASHELLS;234.0;10
9400;;;VOLCANIC_ROCK_VOUCHER_10250;SEASHELLS;65.0;10
9400;;;VOLCANIC_ROCK_VOUCHER_10500;SEASHELLS;9.0;10
9400;;;VOLCANIC_ROCK_VOUCHER_9500;SEASHELLS;722.0;10
9400;;;VOLCANIC_ROCK_VOUCHER_9750;SEASHELLS;474.0;10
9600;;;KELP;SEASHELLS;2046.0;1
9600;;;SQUID_INK;SEASHELLS;1809.0;1
9800;;;DJEMBES;SEASHELLS;13418.0;4
9800;;;VOLCANIC_ROCK;SEASHELLS;10222.0;8
9900;;;JAMS;SEASHELLS;6521.0;5
9900;;;KELP;SEASHELLS;2046.0;1
9900;;;KELP;SEASHELLS;2045.0;5
9900;;;SQUID_INK;SEASHELLS;1807.0;1
9900;;;SQUID_INK;SEASHELLS;1806.0;5
10000;;;CROISSANTS;SEASHELLS;4269.0;8
10100;;;JAMS;SEASHELLS;6519.0;4
10300;;;DJEMBES;SEASHELLS;13416.0;3
10300;;;RAINFOREST_RESIN;SEASHELLS;9998.0;5
10400;;;VOLCANIC_ROCK;SEASHELLS;10219.0;10
10500;;;KELP;SEASHELLS;2044.0;2
10500;;;SQUID_INK;SEASHELLS;1803.0;2
10600;;;KELP;SEASHELLS;2046.0;1
10600;;;SQUID_INK;SEASHELLS;1803.0;1
10600;;;SQUID_INK;SEASHELLS;1803.0;4
10600;;;VOLCANIC_ROCK;SEASHELLS;10215.0;10
10800;;;JAMS;SEASHELLS;6517.0;8
11200;;;VOLCANIC_ROCK;SEASHELLS;10214.0;8
11300;;;RAINFOREST_RESIN;SEASHELLS;10008.0;5
11700;;;KELP;SEASHELLS;2045.0;3
11700;;;SQUID_INK;SEASHELLS;1800.0;3
11700;;;VOLCANIC_ROCK;SEASHELLS;10207.0;7
12100;;;DJEMBES;SEASHELLS;13421.0;1
12100;;;KELP;SEASHELLS;2046.0;1
12100;;;MAGNIFICENT_MACARONS;SEASHELLS;630.0;5
12100;;;SQUID_INK;SEASHELLS;1804.0;1
12200;;;KELP;SEASHELLS;2044.0;1
12200;;;SQUID_INK;SEASHELLS;1802.0;1
12300;;;KELP;SEASHELLS;2044.0;3
12300;;;SQUID_INK;SEASHELLS;1802.0;3
12400;;;KELP;SEASHELLS;2044.0;1
12400;;;SQUID_INK;SEASHELLS;1801.0;1
12500;;;VOLCANIC_ROCK_VOUCHER_10000;SEASHELLS;215.0;18
12500;;;VOLCANIC_ROCK_VOUCHER_10250;SEASHELLS;55.0;18
12500;;;VOLCANIC_ROCK_VOUCHER_10500;SEASHELLS;7.0;18
12500;;;VOLCANIC_ROCK_VOUCHER_9500;SEASHELLS;699.0;18
12500;;;VOLCANIC_ROCK_VOUCHER_9750;SEASHELLS;451.0;18
12700;;;CROISSANTS;SEASHELLS;4266.0;7
12900;;;KELP;SEASHELLS;2048.0;6
12900;;;SQUID_INK;SEASHELLS;1804.0;6
13000;;;JAMS;SEASHELLS;6527.0;8
13200;;;PICNIC_BASKET1;SEASHELLS;58793.0;1
13200;;;PICNIC_BASKET2;SEASHELLS;30098.0;1
13300;;;JAMS;SEASHELLS;6529.0;8
13400;;;VOLCANIC_ROCK;SEASHELLS;10200.0;10
13500;;;RAINFOREST_RESIN;SEASHELLS;10008.0;4
13700;;;CROISSANTS;SEASHELLS;4267.0;7
13700;;;KELP;SEASHELLS;2047.0;3
13700;;;SQUID_INK;SEASHELLS;1807.0;3
13800;;;RAINFOREST_RESIN;SEASHELLS;9999.0;1
13900;;;KELP;SEASHELLS;2045.0;1
13900;;;KELP;SEASHELLS;2047.0;3
13900;;;SQUID_INK;SEASHELLS;1805.0;1
13900;;;SQUID_INK;SEASHELLS;1807.0;3
14000;;;KELP;SEASHELLS;2045.0;15
14000;;;RAINFOREST_RESIN;SEASHELLS;10008.0;2
14000;;;SQUID_INK;SEASHELLS;1804.0;15
14100;;;KELP;SEASHELLS;2047.0;4
14200;;;CROISSANTS;SEASHELLS;4268.0;6
14300;;;JAMS;SEASHELLS;6529.0;5
14400;;;CROISSANTS;SEASHELLS;4268.0;9
14400;;;JAMS;SEASHELLS;6530.0;6
14500;;;KELP;SEASHELLS;2046.0;5
14500;;;SQUID_INK;SEASHELLS;1806.0;1
14500;;;SQUID_INK;SEASHELLS;1806.0;4
14700;;;DJEMBES;SEASHELLS;13422.0;1
14700;;;KELP;SEASHELLS;2047.0;1
14700;;;SQUID_INK;SEASHELLS;1807.0;1
14800;;;CROISSANTS;SEASHELLS;4267.0;10
15000;;;CROISSANTS;SEASHELLS;4267.0;5
15000;;;KELP;SEASHELLS;2047.0;1
15000;;;VOLCANIC_ROCK;SEASHELLS;10197.0;6
15000;;;VOLCANIC_ROCK_VOUCHER_10000;SEASHELLS;212.0;17
15000;;;VOLCANIC_ROCK_VOUCHER_10250;SEASHELLS;54.0;17
15000;;;VOLCANIC_ROCK_VOUCHER_10500;SEASHELLS;7.0;17
15000;;;VOLCANIC_ROCK_VOUCHER_9500;SEASHELLS;697.0;17
15000;;;VOLCANIC_ROCK_VOUCHER_9750;SEASHELLS;449.0;17
15200;;;JAMS;SEASHELLS;6529.0;5
15200;;;KELP;SEASHELLS;2045.0;2
15200;;;KELP;SEASHELLS;2045.0;1
15200;;;MAGNIFICENT_MACARONS;SEASHELLS;645.0;6
15200;;;SQUID_INK;SEASHELLS;1803.0;2
15200;;;SQUID_INK;SEASHELLS;1803.0;1
15300;;;RAINFOREST_RESIN;SEASHELLS;9999.0;1
15500;;;KELP;SEASHELLS;2045.0;1
15500;;;SQUID_INK;SEASHELLS;1804.0;1
15800;;;CROISSANTS;SEASHELLS;4267.0;7
16100;;;KELP;SEASHELLS;2045.0;1
16100;;;SQUID_INK;SEASHELLS;1805.0;1
16200;;;DJEMBES;SEASHELLS;13421.0;4
16200;;;PICNIC_BASKET2;SEASHELLS;30104.0;1
16300;;;KELP;SEASHELLS;2047.0;1
16300;;;RAINFOREST_RESIN;SEASHELLS;9992.0;1
16300;;;SQUID_INK;SEASHELLS;1806.0;1
16400;;;KELP;SEASHELLS;2048.0;1
16400;;;KELP;SEASHELLS;2048.0;8
16400;;;RAINFOREST_RESIN;SEASHELLS;10001.0;1
16400;;;SQUID_INK;SEASHELLS;1806.0;9
16500;;;MAGNIFICENT_MACARONS;SEASHELLS;663.0;6
16600;;;RAINFOREST_RESIN;SEASHELLS;10001.0;1
16700;;;DJEMBES;SEASHELLS;13425.0;3
16700;;;KELP;SEASHELLS;2048.0;2
16700;;;RAINFOREST_RESIN;SEASHELLS;9992.0;1
16700;;;SQUID_INK;SEASHELLS;1807.0;2
16900;;;CROISSANTS;SEASHELLS;4266.0;5
17300;;;RAINFOREST_RESIN;SEASHELLS;10008.0;2
17300;;;VOLCANIC_ROCK_VOUCHER_10000;SEASHELLS;215.0;9
17300;;;VOLCANIC_ROCK_VOUCHER_10250;SEASHELLS;53.0;9
17300;;;VOLCANIC_ROCK_VOUCHER_10500;SEASHELLS;6.0;9
17300;;;VOLCANIC_ROCK_VOUCHER_9500;SEASHELLS;695.0;9
17300;;;VOLCANIC_ROCK_VOUCHER_9750;SEASHELLS;446.0;9
17900;;;KELP;SEASHELLS;2047.0;1
17900;;;MAGNIFICENT_MACARONS;SEASHELLS;665.0;5
17900;;;SQUID_INK;SEASHELLS;1804.0;1
17900;;;VOLCANIC_ROCK_VOUCHER_10000;SEASHELLS;216.0;14
17900;;;VOLCANIC_ROCK_VOUCHER_10250;SEASHELLS;54.0;14
17900;;;VOLCANIC_ROCK_VOUCHER_10500;SEASHELLS;7.0;14
17900;;;VOLCANIC_ROCK_VOUCHER_9500;SEASHELLS;698.0;14
17900;;;VOLCANIC_ROCK_VOUCHER_9750;SEASHELLS;449.0;14
18000;;;KELP;SEASHELLS;2047.0;1
18000;;;SQUID_INK;SEASHELLS;1805.0;1
18200;;;RAINFOREST_RESIN;SEASHELLS;10001.0;1
18500;;;RAINFOREST_RESIN;SEASHELLS;9992.0;6
18600;;;KELP;SEASHELLS;2045.0;1
18600;;;SQUID_INK;SEASHELLS;1795.0;1
18700;;;KELP;SEASHELLS;2047.0;1
18800;;;DJEMBES;SEASHELLS;13424.0;4
19000;;;CROISSANTS;SEASHELLS;4265.0;7
19000;;;KELP;SEASHELLS;2047.0;1
19000;;;SQUID_INK;SEASHELLS;1799.0;1
19100;;;KELP;SEASHELLS;2045.0;1
19100;;;KELP;SEASHELLS;2045.0;1
19100;;;SQUID_INK;SEASHELLS;1796.0;2
19200;;;KELP;SEASHELLS;2046.0;1
19200;;;SQUID_INK;SEASHELLS;1797.0;1
19300;;;KELP;SEASHELLS;2048.0;10
19300;;;RAINFOREST_RESIN;SEASHELLS;10008.0;5
19300;;;SQUID_INK;SEASHELLS;1799.0;10
19400;;;RAINFOREST_RESIN;SEASHELLS;10001.0;1
19400;;;SQUID_INK;SEASHELLS;1796.0;1
19400;;;VOLCANIC_ROCK_VOUCHER_10000;SEASHELLS;219.0;17
19400;;;VOLCANIC_ROCK_VOUCHER_10250;SEASHELLS;55.0;17
19400;;;VOLCANIC_ROCK_VOUCHER_10500;SEASHELLS;7.0;17
19400;;;VOLCANIC_ROCK_VOUCHER_9500;SEASHELLS;701.0;17
19400;;;VOLCANIC_ROCK_VOUCHER_9750;SEASHELLS;452.0;17
19500;;;KELP;SEASHELLS;2045.0;1
19500;;;KELP;SEASHELLS;2045.0;1
19500;;;SQUID_INK;SEASHELLS;1792.0;2
19600;;;DJEMBES;SEASHELLS;13426.0;5
19700;;;KELP;SEASHELLS;2045.0;1
19700;;;KELP;SEASHELLS;2045.0;1
19700;;;KELP;SEASHELLS;2045.0;14
19700;;;SQUID_INK;SEASHELLS;1795.0;1
19700;;;SQUID_INK;SEASHELLS;1795.0;15
19900;;;CROISSANTS;SEASHELLS;4263.0;5
19900;;;RAINFOREST_RESIN;SEASHELLS;9998.0;1
20000;;;DJEMBES;SEASHELLS;13439.0;1
20000;;;KELP;SEASHELLS;2047.0;1
20000;;;SQUID_INK;SEASHELLS;1796.0;1
20100;;;KELP;SEASHELLS;2048.0;2
20100;;;SQUID_INK;SEASHELLS;1796.0;2
20300;;;CROISSANTS;SEASHELLS;4264.0;6
20300;;;KELP;SEASHELLS;2045.0;1
20300;;;RAINFOREST_RESIN;SEASHELLS;9992.0;7
20300;;;SQUID_INK;SEASHELLS;1793.0;1
20300;;;VOLCANIC_ROCK;SEASHELLS;10200.0;2
20500;;;MAGNIFICENT_MACARONS;SEASHELLS;649.0;2
20800;;;JAMS;SEASHELLS;6532.0;4
21000;;;PICNIC_BASKET1;SEASHELLS;58805.0;2
21000;;;PICNIC_BASKET2;SEASHELLS;30104.0;2
21000;;;VOLCANIC_ROCK_VOUCHER_10000;SEASHELLS;217.0;12
21000;;;VOLCANIC_ROCK_VOUCHER_10250;SEASHELLS;55.0;12
21000;;;VOLCANIC_ROCK_VOUCHER_10500;SEASHELLS;7.0;12
21000;;;VOLCANIC_ROCK_VOUCHER_9500;SEASHELLS;701.0;12
21000;;;VOLCANIC_ROCK_VOUCHER_9750;SEASHELLS;452.0;12
21100;;;DJEMBES;SEASHELLS;13444.0;5
21300;;;KELP;SEASHELLS;2047.0;1
21300;;;RAINFOREST_RESIN;SEASHELLS;9999.0;1
21300;;;SQUID_INK;SEASHELLS;1800.0;1
21300;;;VOLCANIC_ROCK_VOUCHER_10000;SEASHELLS;221.0;14
21300;;;VOLCANIC_ROCK_VOUCHER_10250;SEASHELLS;57.0;14
21300;;;VOLCANIC_ROCK_VOUCHER_10500;SEASHELLS;7.0;14
21300;;;VOLCANIC_ROCK_VOUCHER_9500;SEASHELLS;706.0;14
21300;;;VOLCANIC_ROCK_VOUCHER_9750;SEASHELLS;457.0;14
21400;;;VOLCANIC_ROCK_VOUCHER_10000;SEASHELLS;218.0;17
21400;;;VOLCANIC_ROCK_VOUCHER_10250;SEASHELLS;57.0;17
21400;;;VOLCANIC_ROCK_VOUCHER_9500;SEASHELLS;704.0;17
21400;;;VOLCANIC_ROCK_VOUCHER_9750;SEASHELLS;455.0;17
21600;;;CROISSANTS;SEASHELLS;4264.0;8
21600;;;RAINFOREST_RESIN;SEASHELLS;10008.0;1
21700;;;DJEMBES;SEASHELLS;13447.0;3
21700;;;KELP;SEASHELLS;2047.0;1
21700;;;SQUID_INK;SEASHELLS;1798.0;1
21800;;;CROISSANTS;SEASHELLS;4265.0;7
21800;;;DJEMBES;SEASHELLS;13446.0;5
21800;;;KELP;SEASHELLS;2047.0;10
21900;;;KELP;SEASHELLS;2045.0;13
21900;;;SQUID_INK;SEASHELLS;1796.0;13
22000;;;KELP;SEASHELLS;2045.0;3
22000;;;SQUID_INK;SEASHELLS;1796.0;3
22100;;;DJEMBES;SEASHELLS;13449.0;1
22200;;;RAINFOREST_RESIN;SEASHELLS;9999.0;1
22200;;;VOLCANIC_ROCK;SEASHELLS;10211.0;5
22400;;;JAMS;SEASHELLS;6525.0;9
22400;;;MAGNIFICENT_MACARONS;SEASHELLS;651.0;5
22500;;;RAINFOREST_RESIN;SEASHELLS;10008.0;4
22600;;;KELP;SEASHELLS;2047.0;2
22600;;;KELP;SEASHELLS;2047.0;5
22600;;;SQUID_INK;SEASHELLS;1794.0;2
22700;;;KELP;SEASHELLS;2045.0;11
22700;;;RAINFOREST_RESIN;SEASHELLS;9998.0;4
22700;;;SQUID_INK;SEASHELLS;1791.0;11
22800;;;VOLCANIC_ROCK_VOUCHER_10000;SEASHELLS;222.0;17
22800;;;VOLCANIC_ROCK_VOUCHER_10000;SEASHELLS;222.0;1
22800;;;VOLCANIC_ROCK_VOUCHER_10250;SEASHELLS;59.0;17
22800;;;VOLCANIC_ROCK_VOUCHER_10250;SEASHELLS;59.0;1
22800;;;VOLCANIC_ROCK_VOUCHER_10500;SEASHELLS;7.0;17
22800;;;VOLCANIC_ROCK_VOUCHER_10500;SEASHELLS;7.0;1
22800;;;VOLCANIC_ROCK_VOUCHER_9500;SEASHELLS;709.0;17
22800;;;VOLCANIC_ROCK_VOUCHER_9500;SEASHELLS;709.0;1
22800;;;VOLCANIC_ROCK_VOUCHER_9750;SEASHELLS;460.0;17
22800;;;VOLCANIC_ROCK_VOUCHER_9750;SEASHELLS;460.0;1
22900;;;DJEMBES;SEASHELLS;13451.0;5
23100;;;JAMS;SEASHELLS;6530.0;8
23200;;;DJEMBES;SEASHELLS;13449.0;3
23400;;;RAINFOREST_RESIN;SEASHELLS;10008.0;2
23600;;;DJEMBES;SEASHELLS;13447.0;2
23600;;;JAMS;SEASHELLS;6533.0;3
23600;;;VOLCANIC_ROCK;SEASHELLS;10207.0;6
23700;;;KELP;SEASHELLS;2048.0;1
23700;;;SQUID_INK;SEASHELLS;1795.0;1
23900;;;PICNIC_BASKET1;SEASHELLS;58844.0;6
23900;;;PICNIC_BASKET2;SEASHELLS;30091.0;6
23900;;;RAINFOREST_RESIN;SEASHELLS;9997.0;5
24000;;;JAMS;SEASHELLS;6533.0;9
24000;;;RAINFOREST_RESIN;SEASHELLS;10008.0;8
24100;;;VOLCANIC_ROCK_VOUCHER_10000;SEASHELLS;217.0;15
24100;;;VOLCANIC_ROCK_VOUCHER_10250;SEASHELLS;55.0;15
24100;;;VOLCANIC_ROCK_VOUCHER_10500;SEASHELLS;7.0;15
24100;;;VOLCANIC_ROCK_VOUCHER_9500;SEASHELLS;701.0;15
24100;;;VOLCANIC_ROCK_VOUCHER_9750;SEASHELLS;453.0;15
24300;;;DJEMBES;SEASHELLS;13447.0;1
24300;;;RAINFOREST_RESIN;SEASHELLS;10008.0;1
24400;;;CROISSANTS;SEASHELLS;4263.0;9
24400;;;DJEMBES;SEASHELLS;13448.0;3
24400;;;KELP;SEASHELLS;2046.0;1
24400;;;SQUID_INK;SEASHELLS;1787.0;1
24600;;;JAMS;SEASHELLS;6534.0;8
24900;;;DJEMBES;SEASHELLS;13449.0;3
25100;;;PICNIC_BASKET1;SEASHELLS;58861.0;1
25100;;;PICNIC_BASKET2;SEASHELLS;30101.0;6
25400;;;PICNIC_BASKET1;SEASHELLS;58852.0;2
25400;;;PICNIC_BASKET2;SEASHELLS;30094.0;2
25500;;;DJEMBES;SEASHELLS;13443.0;3
25600;;;DJEMBES;SEASHELLS;13443.0;3
25700;;;MAGNIFICENT_MACARONS;SEASHELLS;652.0;5
25800;;;CROISSANTS;SEASHELLS;4265.0;8
25800;;;JAMS;SEASHELLS;6536.0;4
25800;;;KELP;SEASHELLS;2045.0;8
25800;;;SQUID_INK;SEASHELLS;1790.0;8
25800;;;VOLCANIC_ROCK;SEASHELLS;10193.0;6
26100;;;SQUID_INK;SEASHELLS;1791.0;1
26400;;;PICNIC_BASKET1;SEASHELLS;58851.0;1
26400;;;PICNIC_BASKET1;SEASHELLS;58850.0;6
26400;;;PICNIC_BASKET2;SEASHELLS;30090.0;7
26400;;;VOLCANIC_ROCK_VOUCHER_10000;SEASHELLS;214.0;10
26400;;;VOLCANIC_ROCK_VOUCHER_10250;SEASHELLS;56.0;10
26400;;;VOLCANIC_ROCK_VOUCHER_10500;SEASHELLS;7.0;10
26400;;;VOLCANIC_ROCK_VOUCHER_9500;SEASHELLS;702.0;10
26400;;;VOLCANIC_ROCK_VOUCHER_9750;SEASHELLS;453.0;10
26700;;;RAINFOREST_RESIN;SEASHELLS;9992.0;4
26700;;;SQUID_INK;SEASHELLS;1793.0;4
26800;;;CROISSANTS;SEASHELLS;4264.0;8
26800;;;KELP;SEASHELLS;2048.0;1
26800;;;SQUID_INK;SEASHELLS;1796.0;1
26900;;;JAMS;SEASHELLS;6531.0;8
27100;;;KELP;SEASHELLS;2047.0;1
27100;;;SQUID_INK;SEASHELLS;1790.0;1
27100;;;VOLCANIC_ROCK_VOUCHER_10000;SEASHELLS;218.0;11
27100;;;VOLCANIC_ROCK_VOUCHER_10250;SEASHELLS;55.0;11
27100;;;VOLCANIC_ROCK_VOUCHER_10500;SEASHELLS;7.0;11
27100;;;VOLCANIC_ROCK_VOUCHER_9500;SEASHELLS;701.0;11
27100;;;VOLCANIC_ROCK_VOUCHER_9750;SEASHELLS;453.0;11
27500;;;JAMS;SEASHELLS;6530.0;12
27500;;;RAINFOREST_RESIN;SEASHELLS;10001.0;1
27600;;;KELP;SEASHELLS;2049.0;10
27600;;;SQUID_INK;SEASHELLS;1787.0;10
27700;;;RAINFOREST_RESIN;SEASHELLS;10008.0;4
27800;;;VOLCANIC_ROCK_VOUCHER_10000;SEASHELLS;216.0;15
27800;;;VOLCANIC_ROCK_VOUCHER_10250;SEASHELLS;53.0;15
27800;;;VOLCANIC_ROCK_VOUCHER_10500;SEASHELLS;7.0;15
27800;;;VOLCANIC_ROCK_VOUCHER_9500;SEASHELLS;696.0;15
27800;;;VOLCANIC_ROCK_VOUCHER_9750;SEASHELLS;448.0;15
27900;;;CROISSANTS;SEASHELLS;4264.0;8
28000;;;DJEMBES;SEASHELLS;13438.0;5
28000;;;VOLCANIC_ROCK;SEASHELLS;10196.0;7
28100;;;RAINFOREST_RESIN;SEASHELLS;9992.0;8
28200;;;SQUID_INK;SEASHELLS;1789.0;1
28400;;;RAINFOREST_RESIN;SEASHELLS;10008.0;4
28600;;;KELP;SEASHELLS;2046.0;1
28600;;;KELP;SEASHELLS;2046.0;6
28600;;;SQUID_INK;SEASHELLS;1783.0;1
28600;;;SQUID_INK;SEASHELLS;1783.0;6
28700;;;RAINFOREST_RESIN;SEASHELLS;9992.0;5
28800;;;KELP;SEASHELLS;2045.0;2
28800;;;SQUID_INK;SEASHELLS;1784.0;2
29100;;;KELP;SEASHELLS;2047.0;1
29100;;;MAGNIFICENT_MACARONS;SEASHELLS;675.0;3
29100;;;RAINFOREST_RESIN;SEASHELLS;10000.0;2
29300;;;VOLCANIC_ROCK;SEASHELLS;10187.0;5
29500;;;JAMS;SEASHELLS;6536.0;8
29500;;;KELP;SEASHELLS;2049.0;4
29500;;;SQUID_INK;SEASHELLS;1787.0;4
29500;;;VOLCANIC_ROCK_VOUCHER_10000;SEASHELLS;205.0;11
29500;;;VOLCANIC_ROCK_VOUCHER_10250;SEASHELLS;50.0;11
29500;;;VOLCANIC_ROCK_VOUCHER_10500;SEASHELLS;6.0;11
29500;;;VOLCANIC_ROCK_VOUCHER_9500;SEASHELLS;688.0;11
29500;;;VOLCANIC_ROCK_VOUCHER_9750;SEASHELLS;439.0;11
29700;;;DJEMBES;SEASHELLS;13435.0;5
29800;;;KELP;SEASHELLS;2045.0;1
29800;;;SQUID_INK;SEASHELLS;1782.0;1
29900;;;KELP;SEASHELLS;2046.0;2
29900;;;SQUID_INK;SEASHELLS;1784.0;2
29900;;;VOLCANIC_ROCK;SEASHELLS;10189.0;8
30000;;;JAMS;SEASHELLS;6536.0;8
30000;;;SQUID_INK;SEASHELLS;1783.0;2
30100;;;JAMS;SEASHELLS;6536.0;10
30100;;;KELP;SEASHELLS;2046.0;3
30100;;;SQUID_INK;SEASHELLS;1784.0;3
30200;;;VOLCANIC_ROCK;SEASHELLS;10188.0;8
30300;;;KELP;SEASHELLS;2047.0;1
30300;;;SQUID_INK;SEASHELLS;1781.0;1
30400;;;RAINFOREST_RESIN;SEASHELLS;9992.0;8
30500;;;RAINFOREST_RESIN;SEASHELLS;10008.0;5
30700;;;VOLCANIC_ROCK_VOUCHER_10000;SEASHELLS;202.0;12
30700;;;VOLCANIC_ROCK_VOUCHER_9500;SEASHELLS;685.0;12
30700;;;VOLCANIC_ROCK_VOUCHER_9750;SEASHELLS;436.0;12
30800;;;CROISSANTS;SEASHELLS;4266.0;6
30800;;;JAMS;SEASHELLS;6531.0;9
30800;;;RAINFOREST_RESIN;SEASHELLS;10003.0;11
30900;;;DJEMBES;SEASHELLS;13438.0;4
30900;;;JAMS;SEASHELLS;6532.0;6
31000;;;DJEMBES;SEASHELLS;13438.0;3
31000;;;JAMS;SEASHELLS;6531.0;9
31200;;;DJEMBES;SEASHELLS;13435.0;4
31200;;;VOLCANIC_ROCK_VOUCHER_10000;SEASHELLS;199.0;11
31200;;;VOLCANIC_ROCK_VOUCHER_10250;SEASHELLS;48.0;11
31200;;;VOLCANIC_ROCK_VOUCHER_9500;SEASHELLS;682.0;11
31200;;;VOLCANIC_ROCK_VOUCHER_9750;SEASHELLS;433.0;11
31300;;;KELP;SEASHELLS;2048.0;1
31300;;;SQUID_INK;SEASHELLS;1776.0;1
31400;;;RAINFOREST_RESIN;SEASHELLS;10008.0;6
31600;;;DJEMBES;SEASHELLS;13437.0;2
31700;;;DJEMBES;SEASHELLS;13436.0;3
31700;;;KELP;SEASHELLS;2048.0;1
31700;;;SQUID_INK;SEASHELLS;1776.0;1
31800;;;VOLCANIC_ROCK_VOUCHER_10000;SEASHELLS;200.0;16
31800;;;VOLCANIC_ROCK_VOUCHER_10000;SEASHELLS;200.0;1
31800;;;VOLCANIC_ROCK_VOUCHER_10250;SEASHELLS;48.0;16
31800;;;VOLCANIC_ROCK_VOUCHER_10250;SEASHELLS;48.0;1
31800;;;VOLCANIC_ROCK_VOUCHER_10500;SEASHELLS;6.0;16
31800;;;VOLCANIC_ROCK_VOUCHER_10500;SEASHELLS;6.0;1
31800;;;VOLCANIC_ROCK_VOUCHER_9500;SEASHELLS;682.0;16
31800;;;VOLCANIC_ROCK_VOUCHER_9500;SEASHELLS;682.0;1
31800;;;VOLCANIC_ROCK_VOUCHER_9750;SEASHELLS;435.0;16
31800;;;VOLCANIC_ROCK_VOUCHER_9750;SEASHELLS;435.0;1
32000;;;KELP;SEASHELLS;2047.0;4
32000;;;SQUID_INK;SEASHELLS;1777.0;4
32200;;;KELP;SEASHELLS;2047.0;4
32200;;;SQUID_INK;SEASHELLS;1780.0;4
32300;;;DJEMBES;SEASHELLS;13432.0;1
32400;;;JAMS;SEASHELLS;6532.0;8
32400;;;PICNIC_BASKET1;SEASHELLS;58834.0;1
32400;;;PICNIC_BASKET2;SEASHELLS;30097.0;1
32500;;;DJEMBES;SEASHELLS;13432.0;1
32500;;;RAINFOREST_RESIN;SEASHELLS;10002.0;5
32600;;;CROISSANTS;SEASHELLS;4269.0;9
32600;;;VOLCANIC_ROCK_VOUCHER_10000;SEASHELLS;202.0;17
32600;;;VOLCANIC_ROCK_VOUCHER_9500;SEASHELLS;682.0;17
32600;;;VOLCANIC_ROCK_VOUCHER_9750;SEASHELLS;434.0;17
32800;;;VOLCANIC_ROCK;SEASHELLS;10186.0;8
32900;;;KELP;SEASHELLS;2047.0;1
32900;;;SQUID_INK;SEASHELLS;1781.0;1
33100;;;KELP;SEASHELLS;2046.0;1
33100;;;SQUID_INK;SEASHELLS;1782.0;1
33200;;;CROISSANTS;SEASHELLS;4268.0;9
33200;;;DJEMBES;SEASHELLS;13434.0;6
33200;;;SQUID_INK;SEASHELLS;1784.0;1
33300;;;DJEMBES;SEASHELLS;13433.0;4
33400;;;RAINFOREST_RESIN;SEASHELLS;10008.0;2
33600;;;KELP;SEASHELLS;2050.0;1
33600;;;PICNIC_BASKET1;SEASHELLS;58862.0;2
33600;;;PICNIC_BASKET2;SEASHELLS;30101.0;7
33600;;;SQUID_INK;SEASHELLS;1789.0;1
33800;;;JAMS;SEASHELLS;6533.0;10
34000;;;RAINFOREST_RESIN;SEASHELLS;9992.0;6
34100;;;RAINFOREST_RESIN;SEASHELLS;9999.0;1
34500;;;SQUID_INK;SEASHELLS;1788.0;4
34600;;;RAINFOREST_RESIN;SEASHELLS;10008.0;6
34600;;;RAINFOREST_RESIN;SEASHELLS;10008.0;1
34700;;;CROISSANTS;SEASHELLS;4271.0;5
34700;;;RAINFOREST_RESIN;SEASHELLS;9992.0;6
34700;;;RAINFOREST_RESIN;SEASHELLS;9999.0;1
34800;;;KELP;SEASHELLS;2048.0;3
34800;;;KELP;SEASHELLS;2048.0;4
34800;;;SQUID_INK;SEASHELLS;1790.0;3
34800;;;VOLCANIC_ROCK_VOUCHER_10000;SEASHELLS;208.0;10
34800;;;VOLCANIC_ROCK_VOUCHER_10250;SEASHELLS;51.0;10
34800;;;VOLCANIC_ROCK_VOUCHER_10500;SEASHELLS;6.0;10
34800;;;VOLCANIC_ROCK_VOUCHER_9500;SEASHELLS;691.0;10
34800;;;VOLCANIC_ROCK_VOUCHER_9750;SEASHELLS;442.0;10
35100;;;JAMS;SEASHELLS;6534.0;8
35200;;;JAMS;SEASHELLS;6534.0;7
35200;;;KELP;SEASHELLS;2047.0;1
35200;;;SQUID_INK;SEASHELLS;1791.0;1
35300;;;RAINFOREST_RESIN;SEASHELLS;10001.0;1
35400;;;CROISSANTS;SEASHELLS;4271.0;5
35400;;;MAGNIFICENT_MACARONS;SEASHELLS;639.0;7
35400;;;RAINFOREST_RESIN;SEASHELLS;9999.0;1
35400;;;VOLCANIC_ROCK;SEASHELLS;10192.0;7
35500;;;JAMS;SEASHELLS;6532.0;7
35600;;;VOLCANIC_ROCK_VOUCHER_10000;SEASHELLS;209.0;14
35600;;;VOLCANIC_ROCK_VOUCHER_10250;SEASHELLS;52.0;14
35600;;;VOLCANIC_ROCK_VOUCHER_10500;SEASHELLS;6.0;14
35600;;;VOLCANIC_ROCK_VOUCHER_9500;SEASHELLS;693.0;14
35600;;;VOLCANIC_ROCK_VOUCHER_9750;SEASHELLS;445.0;14
35800;;;JAMS;SEASHELLS;6531.0;3
35900;;;JAMS;SEASHELLS;6532.0;5
36000;;;JAMS;SEASHELLS;6531.0;3
36000;;;RAINFOREST_RESIN;SEASHELLS;10008.0;1
36000;;;VOLCANIC_ROCK;SEASHELLS;10191.0;9
36100;;;DJEMBES;SEASHELLS;13435.0;2
36700;;;RAINFOREST_RESIN;SEASHELLS;10001.0;1
36800;;;VOLCANIC_ROCK_VOUCHER_10000;SEASHELLS;210.0;12
36800;;;VOLCANIC_ROCK_VOUCHER_10000;SEASHELLS;210.0;2
36800;;;VOLCANIC_ROCK_VOUCHER_10250;SEASHELLS;51.0;12
36800;;;VOLCANIC_ROCK_VOUCHER_10250;SEASHELLS;51.0;2
36800;;;VOLCANIC_ROCK_VOUCHER_10500;SEASHELLS;6.0;12
36800;;;VOLCANIC_ROCK_VOUCHER_10500;SEASHELLS;6.0;2
36800;;;VOLCANIC_ROCK_VOUCHER_9500;SEASHELLS;691.0;12
36800;;;VOLCANIC_ROCK_VOUCHER_9500;SEASHELLS;691.0;2
36800;;;VOLCANIC_ROCK_VOUCHER_9750;SEASHELLS;443.0;12
36800;;;VOLCANIC_ROCK_VOUCHER_9750;SEASHELLS;443.0;2
36900;;;KELP;SEASHELLS;2046.0;1
36900;;;SQUID_INK;SEASHELLS;1791.0;1
37000;;;CROISSANTS;SEASHELLS;4270.0;7
37000;;;PICNIC_BASKET1;SEASHELLS;58867.0;9
37000;;;PICNIC_BASKET2;SEASHELLS;30094.0;9
37300;;;JAMS;SEASHELLS;6530.0;9
37300;;;PICNIC_BASKET1;SEASHELLS;58870.0;10
37300;;;PICNIC_BASKET2;SEASHELLS;30096.0;10
37300;;;RAINFOREST_RESIN;SEASHELLS;9992.0;4
37400;;;CROISSANTS;SEASHELLS;4268.0;7
37700;;;RAINFOREST_RESIN;SEASHELLS;10008.0;5
37700;;;SQUID_INK;SEASHELLS;1790.0;1
37800;;;JAMS;SEASHELLS;6528.0;4
37800;;;KELP;SEASHELLS;2046.0;2
37800;;;SQUID_INK;SEASHELLS;1789.0;2
37900;;;KELP;SEASHELLS;2047.0;4
37900;;;RAINFOREST_RESIN;SEASHELLS;9992.0;2
37900;;;SQUID_INK;SEASHELLS;1789.0;4
38100;;;RAINFOREST_RESIN;SEASHELLS;9999.0;1
38100;;;VOLCANIC_ROCK_VOUCHER_10000;SEASHELLS;213.0;13
38100;;;VOLCANIC_ROCK_VOUCHER_10250;SEASHELLS;52.0;13
38100;;;VOLCANIC_ROCK_VOUCHER_10500;SEASHELLS;6.0;13
38100;;;VOLCANIC_ROCK_VOUCHER_9500;SEASHELLS;693.0;13
38100;;;VOLCANIC_ROCK_VOUCHER_9750;SEASHELLS;445.0;13
38300;;;KELP;SEASHELLS;2046.0;8
38300;;;SQUID_INK;SEASHELLS;1786.0;8
38400;;;KELP;SEASHELLS;2046.0;8
38400;;;SQUID_INK;SEASHELLS;1788.0;8
38800;;;RAINFOREST_RESIN;SEASHELLS;10008.0;4
39200;;;RAINFOREST_RESIN;SEASHELLS;10008.0;8
39300;;;PICNIC_BASKET1;SEASHELLS;58840.0;5
39300;;;PICNIC_BASKET2;SEASHELLS;30104.0;5
39400;;;JAMS;SEASHELLS;6530.0;8
39500;;;DJEMBES;SEASHELLS;13431.0;3
39500;;;KELP;SEASHELLS;2048.0;1
39600;;;CROISSANTS;SEASHELLS;4273.0;6
39700;;;VOLCANIC_ROCK;SEASHELLS;10203.0;2
39900;;;CROISSANTS;SEASHELLS;4272.0;6
39900;;;RAINFOREST_RESIN;SEASHELLS;9992.0;4
40100;;;JAMS;SEASHELLS;6534.0;4
40100;;;RAINFOREST_RESIN;SEASHELLS;10008.0;7
40200;;;JAMS;SEASHELLS;6532.0;8
40300;;;KELP;SEASHELLS;2046.0;2
40300;;;VOLCANIC_ROCK_VOUCHER_10000;SEASHELLS;213.0;10
40300;;;VOLCANIC_ROCK_VOUCHER_9500;SEASHELLS;697.0;10
40300;;;VOLCANIC_ROCK_VOUCHER_9750;SEASHELLS;448.0;10
40400;;;KELP;SEASHELLS;2046.0;8
40400;;;SQUID_INK;SEASHELLS;1787.0;8
40500;;;CROISSANTS;SEASHELLS;4272.0;5
41100;;;DJEMBES;SEASHELLS;13434.0;3
41200;;;JAMS;SEASHELLS;6532.0;10
41200;;;KELP;SEASHELLS;2046.0;1
41200;;;SQUID_INK;SEASHELLS;1788.0;1
41200;;;VOLCANIC_ROCK_VOUCHER_10000;SEASHELLS;211.0;11
41200;;;VOLCANIC_ROCK_VOUCHER_10250;SEASHELLS;52.0;11
41200;;;VOLCANIC_ROCK_VOUCHER_10500;SEASHELLS;6.0;11
41200;;;VOLCANIC_ROCK_VOUCHER_9500;SEASHELLS;693.0;11
41200;;;VOLCANIC_ROCK_VOUCHER_9750;SEASHELLS;445.0;11
41300;;;KELP;SEASHELLS;2046.0;4
41400;;;PICNIC_BASKET1;SEASHELLS;58838.0;2
41400;;;PICNIC_BASKET2;SEASHELLS;30117.0;6
41500;;;RAINFOREST_RESIN;SEASHELLS;9999.0;1
41600;;;CROISSANTS;SEASHELLS;4269.0;8
41600;;;VOLCANIC_ROCK;SEASHELLS;10192.0;7
41900;;;JAMS;SEASHELLS;6529.0;8
42000;;;JAMS;SEASHELLS;6529.0;5
42200;;;CROISSANTS;SEASHELLS;4267.0;6
42200;;;VOLCANIC_ROCK;SEASHELLS;10196.0;8
42300;;;SQUID_INK;SEASHELLS;1793.0;3
42600;;;DJEMBES;SEASHELLS;13434.0;3
42800;;;KELP;SEASHELLS;2046.0;1
42800;;;SQUID_INK;SEASHELLS;1791.0;1
42900;;;DJEMBES;SEASHELLS;13436.0;5
42900;;;MAGNIFICENT_MACARONS;SEASHELLS;630.0;5
43200;;;CROISSANTS;SEASHELLS;4267.0;8
43200;;;KELP;SEASHELLS;2046.0;1
43200;;;KELP;SEASHELLS;2046.0;2
43200;;;RAINFOREST_RESIN;SEASHELLS;9999.0;1
43200;;;SQUID_INK;SEASHELLS;1792.0;1
43400;;;DJEMBES;SEASHELLS;13438.0;3
43500;;;VOLCANIC_ROCK;SEASHELLS;10183.0;7
43600;;;VOLCANIC_ROCK_VOUCHER_10000;SEASHELLS;201.0;12
43600;;;VOLCANIC_ROCK_VOUCHER_10250;SEASHELLS;48.0;12
43600;;;VOLCANIC_ROCK_VOUCHER_10500;SEASHELLS;6.0;12
43600;;;VOLCANIC_ROCK_VOUCHER_9750;SEASHELLS;434.0;12
43700;;;KELP;SEASHELLS;2047.0;5
43700;;;RAINFOREST_RESIN;SEASHELLS;10003.0;5
43700;;;SQUID_INK;SEASHELLS;1794.0;5
43800;;;JAMS;SEASHELLS;6522.0;10
44100;;;CROISSANTS;SEASHELLS;4266.0;7
44200;;;RAINFOREST_RESIN;SEASHELLS;10002.0;5
44300;;;DJEMBES;SEASHELLS;13442.0;2
44400;;;RAINFOREST_RESIN;SEASHELLS;9999.0;1
44800;;;JAMS;SEASHELLS;6529.0;4
44800;;;PICNIC_BASKET1;SEASHELLS;58829.0;1
44800;;;PICNIC_BASKET1;SEASHELLS;58828.0;1
44800;;;PICNIC_BASKET2;SEASHELLS;30114.0;1
44800;;;PICNIC_BASKET2;SEASHELLS;30114.0;1
44800;;;SQUID_INK;SEASHELLS;1791.0;4
44800;;;VOLCANIC_ROCK;SEASHELLS;10190.0;3
44900;;;KELP;SEASHELLS;2048.0;1
44900;;;SQUID_INK;SEASHELLS;1791.0;1
45000;;;DJEMBES;SEASHELLS;13446.0;3
45000;;;KELP;SEASHELLS;2046.0;1
45000;;;SQUID_INK;SEASHELLS;1789.0;1
45200;;;PICNIC_BASKET1;SEASHELLS;58843.0;7
45200;;;PICNIC_BASKET2;SEASHELLS;30116.0;7
45200;;;RAINFOREST_RESIN;SEASHELLS;9992.0;6
45300;;;VOLCANIC_ROCK_VOUCHER_10000;SEASHELLS;205.0;12
45300;;;VOLCANIC_ROCK_VOUCHER_10250;SEASHELLS;51.0;12
45300;;;VOLCANIC_ROCK_VOUCHER_10500;SEASHELLS;6.0;12
45300;;;VOLCANIC_ROCK_VOUCHER_9500;SEASHELLS;690.0;12
45300;;;VOLCANIC_ROCK_VOUCHER_9750;SEASHELLS;442.0;12
45400;;;RAINFOREST_RESIN;SEASHELLS;10001.0;1
45600;;;KELP;SEASHELLS;2046.0;1
45600;;;SQUID_INK;SEASHELLS;1786.0;1
45700;;;VOLCANIC_ROCK_VOUCHER_10000;SEASHELLS;204.0;14
45700;;;VOLCANIC_ROCK_VOUCHER_10250;SEASHELLS;49.0;14
45700;;;VOLCANIC_ROCK_VOUCHER_10500;SEASHELLS;6.0;14
45700;;;VOLCANIC_ROCK_VOUCHER_9500;SEASHELLS;686.0;14
45700;;;VOLCANIC_ROCK_VOUCHER_9750;SEASHELLS;437.0;14
46000;;;RAINFOREST_RESIN;SEASHELLS;9992.0;4
46100;;;VOLCANIC_ROCK_VOUCHER_10000;SEASHELLS;206.0;10
46100;;;VOLCANIC_ROCK_VOUCHER_10250;SEASHELLS;49.0;10
46100;;;VOLCANIC_ROCK_VOUCHER_10500;SEASHELLS;6.0;10
46100;;;VOLCANIC_ROCK_VOUCHER_9500;SEASHELLS;686.0;10
46100;;;VOLCANIC_ROCK_VOUCHER_9750;SEASHELLS;438.0;10
46500;;;CROISSANTS;SEASHELLS;4265.0;5
46500;;;KELP;SEASHELLS;2048.0;1
46500;;;SQUID_INK;SEASHELLS;1787.0;1
46600;;;MAGNIFICENT_MACARONS;SEASHELLS;603.0;3
46800;;;CROISSANTS;SEASHELLS;4266.0;6
47000;;;SQUID_INK;SEASHELLS;1787.0;3
47100;;;JAMS;SEASHELLS;6528.0;3
47100;;;KELP;SEASHELLS;2046.0;1
47100;;;SQUID_INK;SEASHELLS;1785.0;1
47200;;;CROISSANTS;SEASHELLS;4265.0;7
47200;;;KELP;SEASHELLS;2046.0;8
47200;;;SQUID_INK;SEASHELLS;1786.0;8
47400;;;KELP;SEASHELLS;2046.0;1
47400;;;SQUID_INK;SEASHELLS;1786.0;1
47500;;;KELP;SEASHELLS;2049.0;1
47500;;;SQUID_INK;SEASHELLS;1789.0;1
47500;;;VOLCANIC_ROCK;SEASHELLS;10181.0;10
47600;;;JAMS;SEASHELLS;6530.0;9
47600;;;VOLCANIC_ROCK_VOUCHER_10000;SEASHELLS;200.0;12
47600;;;VOLCANIC_ROCK_VOUCHER_10250;SEASHELLS;48.0;12
47600;;;VOLCANIC_ROCK_VOUCHER_10500;SEASHELLS;6.0;12
47600;;;VOLCANIC_ROCK_VOUCHER_9500;SEASHELLS;682.0;12
47600;;;VOLCANIC_ROCK_VOUCHER_9750;SEASHELLS;433.0;12
47700;;;CROISSANTS;SEASHELLS;4265.0;5
47800;;;CROISSANTS;SEASHELLS;4266.0;7
48000;;;JAMS;SEASHELLS;6528.0;10
48200;;;JAMS;SEASHELLS;6527.0;4
48200;;;MAGNIFICENT_MACARONS;SEASHELLS;615.0;4
48200;;;RAINFOREST_RESIN;SEASHELLS;9992.0;1
48300;;;PICNIC_BASKET1;SEASHELLS;58838.0;2
48300;;;PICNIC_BASKET2;SEASHELLS;30114.0;2
48300;;;RAINFOREST_RESIN;SEASHELLS;10008.0;1
48300;;;VOLCANIC_ROCK;SEASHELLS;10177.0;8
48300;;;VOLCANIC_ROCK_VOUCHER_10000;SEASHELLS;198.0;10
48300;;;VOLCANIC_ROCK_VOUCHER_10000;SEASHELLS;198.0;2
48300;;;VOLCANIC_ROCK_VOUCHER_10250;SEASHELLS;46.0;10
48300;;;VOLCANIC_ROCK_VOUCHER_10250;SEASHELLS;46.0;2
48300;;;VOLCANIC_ROCK_VOUCHER_10500;SEASHELLS;5.0;10
48300;;;VOLCANIC_ROCK_VOUCHER_10500;SEASHELLS;5.0;2
48300;;;VOLCANIC_ROCK_VOUCHER_9500;SEASHELLS;677.0;10
48300;;;VOLCANIC_ROCK_VOUCHER_9500;SEASHELLS;677.0;2
48300;;;VOLCANIC_ROCK_VOUCHER_9750;SEASHELLS;429.0;10
48300;;;VOLCANIC_ROCK_VOUCHER_9750;SEASHELLS;429.0;2
48400;;;KELP;SEASHELLS;2046.0;1
48400;;;RAINFOREST_RESIN;SEASHELLS;10002.0;5
48400;;;SQUID_INK;SEASHELLS;1782.0;1
48500;;;RAINFOREST_RESIN;SEASHELLS;9999.0;1
48600;;;RAINFOREST_RESIN;SEASHELLS;9992.0;2
48800;;;VOLCANIC_ROCK;SEASHELLS;10169.0;7
49000;;;JAMS;SEASHELLS;6527.0;5
49000;;;KELP;SEASHELLS;2046.0;2
49000;;;SQUID_INK;SEASHELLS;1776.0;2
49100;;;KELP;SEASHELLS;2046.0;1
49100;;;SQUID_INK;SEASHELLS;1778.0;1
49100;;;VOLCANIC_ROCK_VOUCHER_10000;SEASHELLS;195.0;11
49100;;;VOLCANIC_ROCK_VOUCHER_10250;SEASHELLS;46.0;11
49100;;;VOLCANIC_ROCK_VOUCHER_9500;SEASHELLS;677.0;11
49100;;;VOLCANIC_ROCK_VOUCHER_9750;SEASHELLS;428.0;11
49200;;;CROISSANTS;SEASHELLS;4265.0;8
49300;;;KELP;SEASHELLS;2046.0;1
49300;;;SQUID_INK;SEASHELLS;1779.0;1
49300;;;VOLCANIC_ROCK;SEASHELLS;10173.0;5
49400;;;JAMS;SEASHELLS;6527.0;8
49400;;;KELP;SEASHELLS;2048.0;1
49400;;;SQUID_INK;SEASHELLS;1782.0;1
49500;;;JAMS;SEASHELLS;6526.0;6
49600;;;CROISSANTS;SEASHELLS;4266.0;6
49600;;;VOLCANIC_ROCK;SEASHELLS;10173.0;7
50000;;;JAMS;SEASHELLS;6529.0;6
50000;;;RAINFOREST_RESIN;SEASHELLS;9992.0;5
50000;;;VOLCANIC_ROCK;SEASHELLS;10170.0;3
50100;;;VOLCANIC_ROCK_VOUCHER_10000;SEASHELLS;191.0;12
50100;;;VOLCANIC_ROCK_VOUCHER_10000;SEASHELLS;191.0;2
50100;;;VOLCANIC_ROCK_VOUCHER_10250;SEASHELLS;44.0;12
50100;;;VOLCANIC_ROCK_VOUCHER_10250;SEASHELLS;44.0;2
50100;;;VOLCANIC_ROCK_VOUCHER_10500;SEASHELLS;5.0;12
50100;;;VOLCANIC_ROCK_VOUCHER_10500;SEASHELLS;5.0;2
50100;;;VOLCANIC_ROCK_VOUCHER_9500;SEASHELLS;671.0;12
50100;;;VOLCANIC_ROCK_VOUCHER_9500;SEASHELLS;671.0;2
50100;;;VOLCANIC_ROCK_VOUCHER_9750;SEASHELLS;423.0;12
50100;;;VOLCANIC_ROCK_VOUCHER_9750;SEASHELLS;423.0;2
50200;;;DJEMBES;SEASHELLS;13457.0;5
50200;;;PICNIC_BASKET1;SEASHELLS;58832.0;1
50200;;;PICNIC_BASKET2;SEASHELLS;30102.0;5
50300;;;VOLCANIC_ROCK;SEASHELLS;10166.0;7
50400;;;KELP;SEASHELLS;2045.0;1
50400;;;SQUID_INK;SEASHELLS;1783.0;1
50500;;;CROISSANTS;SEASHELLS;4265.0;6
50500;;;KELP;SEASHELLS;2045.0;1
50500;;;SQUID_INK;SEASHELLS;1783.0;1
50600;;;KELP;SEASHELLS;2049.0;2
50600;;;KELP;SEASHELLS;2048.0;1
50600;;;SQUID_INK;SEASHELLS;1786.0;2
50600;;;SQUID_INK;SEASHELLS;1785.0;1
50700;;;MAGNIFICENT_MACARONS;SEASHELLS;605.0;7
50700;;;VOLCANIC_ROCK_VOUCHER_10000;SEASHELLS;190.0;11
50700;;;VOLCANIC_ROCK_VOUCHER_10250;SEASHELLS;43.0;11
50700;;;VOLCANIC_ROCK_VOUCHER_10500;SEASHELLS;5.0;11
50700;;;VOLCANIC_ROCK_VOUCHER_9500;SEASHELLS;669.0;11
50700;;;VOLCANIC_ROCK_VOUCHER_9750;SEASHELLS;421.0;11
50800;;;DJEMBES;SEASHELLS;13457.0;1
50800;;;VOLCANIC_ROCK;SEASHELLS;10168.0;8
50900;;;KELP;SEASHELLS;2046.0;1
50900;;;SQUID_INK;SEASHELLS;1784.0;1
51100;;;KELP;SEASHELLS;2046.0;15
51100;;;SQUID_INK;SEASHELLS;1783.0;15
51200;;;KELP;SEASHELLS;2046.0;2
51200;;;SQUID_INK;SEASHELLS;1782.0;2
51500;;;KELP;SEASHELLS;2047.0;3
51500;;;RAINFOREST_RESIN;SEASHELLS;9992.0;9
51500;;;SQUID_INK;SEASHELLS;1782.0;3
51600;;;RAINFOREST_RESIN;SEASHELLS;10008.0;2
51600;;;SQUID_INK;SEASHELLS;1781.0;1
51700;;;RAINFOREST_RESIN;SEASHELLS;10008.0;8
52000;;;MAGNIFICENT_MACARONS;SEASHELLS;587.0;4
52000;;;SQUID_INK;SEASHELLS;1784.0;3
52100;;;DJEMBES;SEASHELLS;13459.0;5
52100;;;RAINFOREST_RESIN;SEASHELLS;9992.0;7
52200;;;RAINFOREST_RESIN;SEASHELLS;9992.0;2
52300;;;DJEMBES;SEASHELLS;13458.0;5
52400;;;RAINFOREST_RESIN;SEASHELLS;10002.0;3
52500;;;DJEMBES;SEASHELLS;13456.0;4
52500;;;PICNIC_BASKET1;SEASHELLS;58838.0;2
52500;;;PICNIC_BASKET1;SEASHELLS;58837.0;2
52500;;;PICNIC_BASKET2;SEASHELLS;30115.0;2
52500;;;PICNIC_BASKET2;SEASHELLS;30114.0;2
52700;;;RAINFOREST_RESIN;SEASHELLS;9992.0;4
52700;;;VOLCANIC_ROCK_VOUCHER_10000;SEASHELLS;185.0;10
52700;;;VOLCANIC_ROCK_VOUCHER_10000;SEASHELLS;185.0;2
52700;;;VOLCANIC_ROCK_VOUCHER_10250;SEASHELLS;42.0;10
52700;;;VOLCANIC_ROCK_VOUCHER_10250;SEASHELLS;42.0;2
52700;;;VOLCANIC_ROCK_VOUCHER_10500;SEASHELLS;5.0;10
52700;;;VOLCANIC_ROCK_VOUCHER_10500;SEASHELLS;5.0;2
52700;;;VOLCANIC_ROCK_VOUCHER_9500;SEASHELLS;665.0;10
52700;;;VOLCANIC_ROCK_VOUCHER_9500;SEASHELLS;665.0;2
52700;;;VOLCANIC_ROCK_VOUCHER_9750;SEASHELLS;417.0;10
52700;;;VOLCANIC_ROCK_VOUCHER_9750;SEASHELLS;417.0;2
52800;;;RAINFOREST_RESIN;SEASHELLS;9999.0;1
53000;;;DJEMBES;SEASHELLS;13457.0;2
53000;;;KELP;SEASHELLS;2048.0;1
53000;;;SQUID_INK;SEASHELLS;1787.0;1
53100;;;DJEMBES;SEASHELLS;13458.0;5
53400;;;CROISSANTS;SEASHELLS;4266.0;6
53400;;;VOLCANIC_ROCK_VOUCHER_10000;SEASHELLS;185.0;11
53400;;;VOLCANIC_ROCK_VOUCHER_10250;SEASHELLS;42.0;11
53400;;;VOLCANIC_ROCK_VOUCHER_10500;SEASHELLS;5.0;11
53400;;;VOLCANIC_ROCK_VOUCHER_9500;SEASHELLS;666.0;11
53400;;;VOLCANIC_ROCK_VOUCHER_9750;SEASHELLS;417.0;11
53600;;;KELP;SEASHELLS;2049.0;1
53600;;;SQUID_INK;SEASHELLS;1790.0;1
53800;;;DJEMBES;SEASHELLS;13456.0;2
53900;;;CROISSANTS;SEASHELLS;4265.0;7
53900;;;KELP;SEASHELLS;2049.0;1
53900;;;SQUID_INK;SEASHELLS;1791.0;1
54100;;;KELP;SEASHELLS;2046.0;1
54100;;;SQUID_INK;SEASHELLS;1788.0;1
54200;;;DJEMBES;SEASHELLS;13457.0;1
54300;;;JAMS;SEASHELLS;6540.0;6
54400;;;VOLCANIC_ROCK;SEASHELLS;10161.0;5
54500;;;JAMS;SEASHELLS;6540.0;12
54500;;;KELP;SEASHELLS;2045.0;1
54500;;;RAINFOREST_RESIN;SEASHELLS;10002.0;5
54800;;;DJEMBES;SEASHELLS;13457.0;1
54800;;;KELP;SEASHELLS;2046.0;1
55000;;;JAMS;SEASHELLS;6540.0;8
55100;;;CROISSANTS;SEASHELLS;4264.0;7
55100;;;JAMS;SEASHELLS;6539.0;9
55200;;;CROISSANTS;SEASHELLS;4265.0;5
55300;;;RAINFOREST_RESIN;SEASHELLS;10002.0;3
55400;;;JAMS;SEASHELLS;6540.0;5
55400;;;MAGNIFICENT_MACARONS;SEASHELLS;567.0;3
55400;;;RAINFOREST_RESIN;SEASHELLS;10008.0;2
55700;;;MAGNIFICENT_MACARONS;SEASHELLS;562.0;5
55800;;;MAGNIFICENT_MACARONS;SEASHELLS;573.0;4
55900;;;SQUID_INK;SEASHELLS;1790.0;1
56000;;;KELP;SEASHELLS;2049.0;1
56000;;;SQUID_INK;SEASHELLS;1794.0;1
56100;;;CROISSANTS;SEASHELLS;4266.0;8
56100;;;KELP;SEASHELLS;2045.0;1
56100;;;KELP;SEASHELLS;2049.0;8
56100;;;RAINFOREST_RESIN;SEASHELLS;9992.0;4
56100;;;SQUID_INK;SEASHELLS;1791.0;1
56300;;;KELP;SEASHELLS;2045.0;8
56300;;;PICNIC_BASKET1;SEASHELLS;58822.0;2
56300;;;PICNIC_BASKET2;SEASHELLS;30108.0;2
56300;;;RAINFOREST_RESIN;SEASHELLS;10008.0;6
56300;;;SQUID_INK;SEASHELLS;1789.0;8
56500;;;VOLCANIC_ROCK_VOUCHER_10000;SEASHELLS;181.0;15
56500;;;VOLCANIC_ROCK_VOUCHER_10000;SEASHELLS;181.0;2
56500;;;VOLCANIC_ROCK_VOUCHER_10250;SEASHELLS;40.0;15
56500;;;VOLCANIC_ROCK_VOUCHER_10250;SEASHELLS;40.0;2
56500;;;VOLCANIC_ROCK_VOUCHER_10500;SEASHELLS;4.0;15
56500;;;VOLCANIC_ROCK_VOUCHER_10500;SEASHELLS;4.0;2
56500;;;VOLCANIC_ROCK_VOUCHER_9500;SEASHELLS;659.0;15
56500;;;VOLCANIC_ROCK_VOUCHER_9500;SEASHELLS;659.0;2
56500;;;VOLCANIC_ROCK_VOUCHER_9750;SEASHELLS;411.0;15
56500;;;VOLCANIC_ROCK_VOUCHER_9750;SEASHELLS;411.0;2
56600;;;VOLCANIC_ROCK_VOUCHER_10000;SEASHELLS;180.0;16
56600;;;VOLCANIC_ROCK_VOUCHER_10250;SEASHELLS;39.0;16
56600;;;VOLCANIC_ROCK_VOUCHER_10500;SEASHELLS;4.0;16
56600;;;VOLCANIC_ROCK_VOUCHER_9500;SEASHELLS;656.0;16
56600;;;VOLCANIC_ROCK_VOUCHER_9750;SEASHELLS;408.0;16
56800;;;KELP;SEASHELLS;2045.0;2
56800;;;SQUID_INK;SEASHELLS;1791.0;2
56900;;;JAMS;SEASHELLS;6531.0;5
57000;;;VOLCANIC_ROCK_VOUCHER_10000;SEASHELLS;184.0;19
57000;;;VOLCANIC_ROCK_VOUCHER_10000;SEASHELLS;184.0;1
57000;;;VOLCANIC_ROCK_VOUCHER_10250;SEASHELLS;41.0;19
57000;;;VOLCANIC_ROCK_VOUCHER_10250;SEASHELLS;41.0;1
57000;;;VOLCANIC_ROCK_VOUCHER_10500;SEASHELLS;5.0;19
57000;;;VOLCANIC_ROCK_VOUCHER_10500;SEASHELLS;5.0;1
57000;;;VOLCANIC_ROCK_VOUCHER_9500;SEASHELLS;661.0;19
57000;;;VOLCANIC_ROCK_VOUCHER_9500;SEASHELLS;661.0;1
57000;;;VOLCANIC_ROCK_VOUCHER_9750;SEASHELLS;413.0;19
57000;;;VOLCANIC_ROCK_VOUCHER_9750;SEASHELLS;413.0;1
57100;;;PICNIC_BASKET1;SEASHELLS;58838.0;6
57100;;;PICNIC_BASKET2;SEASHELLS;30102.0;6
57100;;;RAINFOREST_RESIN;SEASHELLS;10001.0;1
57100;;;RAINFOREST_RESIN;SEASHELLS;9997.0;6
57100;;;VOLCANIC_ROCK_VOUCHER_10000;SEASHELLS;182.0;16
57100;;;VOLCANIC_ROCK_VOUCHER_10250;SEASHELLS;41.0;16
57100;;;VOLCANIC_ROCK_VOUCHER_9500;SEASHELLS;661.0;16
57100;;;VOLCANIC_ROCK_VOUCHER_9750;SEASHELLS;413.0;16
57300;;;VOLCANIC_ROCK;SEASHELLS;10161.0;7
57500;;;KELP;SEASHELLS;2047.0;1
57500;;;KELP;SEASHELLS;2047.0;4
57500;;;SQUID_INK;SEASHELLS;1794.0;1
57500;;;SQUID_INK;SEASHELLS;1794.0;4
57600;;;KELP;SEASHELLS;2045.0;1
57600;;;KELP;SEASHELLS;2048.0;1
57600;;;RAINFOREST_RESIN;SEASHELLS;9998.0;4
57600;;;SQUID_INK;SEASHELLS;1792.0;1
57600;;;SQUID_INK;SEASHELLS;1795.0;1
57800;;;KELP;SEASHELLS;2047.0;1
57800;;;SQUID_INK;SEASHELLS;1795.0;1
57900;;;KELP;SEASHELLS;2045.0;1
57900;;;RAINFOREST_RESIN;SEASHELLS;10008.0;1
57900;;;SQUID_INK;SEASHELLS;1793.0;1
58100;;;DJEMBES;SEASHELLS;13460.0;2
58200;;;VOLCANIC_ROCK_VOUCHER_10000;SEASHELLS;177.0;19
58200;;;VOLCANIC_ROCK_VOUCHER_10250;SEASHELLS;40.0;19
58200;;;VOLCANIC_ROCK_VOUCHER_10500;SEASHELLS;4.0;19
58200;;;VOLCANIC_ROCK_VOUCHER_9750;SEASHELLS;411.0;19
58300;;;KELP;SEASHELLS;2045.0;1
58300;;;SQUID_INK;SEASHELLS;1791.0;1
58400;;;KELP;SEASHELLS;2046.0;1
58400;;;KELP;SEASHELLS;2046.0;1
58400;;;PICNIC_BASKET1;SEASHELLS;58824.0;5
58400;;;PICNIC_BASKET2;SEASHELLS;30101.0;5
58400;;;SQUID_INK;SEASHELLS;1791.0;1
58400;;;SQUID_INK;SEASHELLS;1791.0;1
58600;;;JAMS;SEASHELLS;6529.0;6
58600;;;PICNIC_BASKET1;SEASHELLS;58813.0;1
58600;;;PICNIC_BASKET2;SEASHELLS;30097.0;1
58700;;;JAMS;SEASHELLS;6531.0;4
58700;;;VOLCANIC_ROCK_VOUCHER_10000;SEASHELLS;177.0;10
58700;;;VOLCANIC_ROCK_VOUCHER_10250;SEASHELLS;39.0;10
58700;;;VOLCANIC_ROCK_VOUCHER_10500;SEASHELLS;4.0;10
58700;;;VOLCANIC_ROCK_VOUCHER_9500;SEASHELLS;657.0;10
58700;;;VOLCANIC_ROCK_VOUCHER_9750;SEASHELLS;409.0;10
58800;;;JAMS;SEASHELLS;6530.0;8
58900;;;KELP;SEASHELLS;2049.0;2
58900;;;RAINFOREST_RESIN;SEASHELLS;9992.0;4
58900;;;SQUID_INK;SEASHELLS;1790.0;2
59000;;;DJEMBES;SEASHELLS;13455.0;1
59100;;;KELP;SEASHELLS;2046.0;2
59100;;;PICNIC_BASKET1;SEASHELLS;58824.0;2
59100;;;PICNIC_BASKET2;SEASHELLS;30102.0;2
59100;;;SQUID_INK;SEASHELLS;1787.0;2
59200;;;CROISSANTS;SEASHELLS;4265.0;6
59200;;;PICNIC_BASKET1;SEASHELLS;58833.0;2
59200;;;PICNIC_BASKET2;SEASHELLS;30104.0;2
59200;;;VOLCANIC_ROCK;SEASHELLS;10160.0;5
59400;;;DJEMBES;SEASHELLS;13456.0;1
59500;;;VOLCANIC_ROCK;SEASHELLS;10159.0;6
59700;;;JAMS;SEASHELLS;6529.0;8
59700;;;KELP;SEASHELLS;2048.0;1
59700;;;SQUID_INK;SEASHELLS;1786.0;1
59800;;;CROISSANTS;SEASHELLS;4265.0;8
59800;;;KELP;SEASHELLS;2046.0;10
59800;;;PICNIC_BASKET1;SEASHELLS;58834.0;6
59800;;;PICNIC_BASKET2;SEASHELLS;30106.0;6
59800;;;SQUID_INK;SEASHELLS;1785.0;10
59900;;;KELP;SEASHELLS;2046.0;1
59900;;;RAINFOREST_RESIN;SEASHELLS;10001.0;1
59900;;;SQUID_INK;SEASHELLS;1785.0;1
60000;;;KELP;SEASHELLS;2046.0;1
60000;;;PICNIC_BASKET1;SEASHELLS;58841.0;8
60000;;;PICNIC_BASKET2;SEASHELLS;30100.0;8
60000;;;SQUID_INK;SEASHELLS;1786.0;1
60100;;;KELP;SEASHELLS;2046.0;1
60100;;;MAGNIFICENT_MACARONS;SEASHELLS;585.0;4
60100;;;SQUID_INK;SEASHELLS;1784.0;1
60200;;;DJEMBES;SEASHELLS;13462.0;4
60200;;;RAINFOREST_RESIN;SEASHELLS;10008.0;1
60300;;;JAMS;SEASHELLS;6535.0;9
60300;;;PICNIC_BASKET1;SEASHELLS;58849.0;2
60300;;;PICNIC_BASKET2;SEASHELLS;30103.0;2
60700;;;DJEMBES;SEASHELLS;13462.0;1
60700;;;RAINFOREST_RESIN;SEASHELLS;10008.0;2
60900;;;RAINFOREST_RESIN;SEASHELLS;10008.0;7
61000;;;VOLCANIC_ROCK;SEASHELLS;10174.0;6
61100;;;DJEMBES;SEASHELLS;13462.0;2
61200;;;CROISSANTS;SEASHELLS;4265.0;10
61200;;;JAMS;SEASHELLS;6539.0;4
61200;;;KELP;SEASHELLS;2048.0;1
61200;;;SQUID_INK;SEASHELLS;1782.0;1
61300;;;JAMS;SEASHELLS;6539.0;10
61400;;;KELP;SEASHELLS;2046.0;1
61400;;;SQUID_INK;SEASHELLS;1780.0;1
61500;;;JAMS;SEASHELLS;6537.0;9
61600;;;JAMS;SEASHELLS;6538.0;4
61600;;;KELP;SEASHELLS;2049.0;10
61600;;;SQUID_INK;SEASHELLS;1783.0;10
62000;;;DJEMBES;SEASHELLS;13457.0;6
62000;;;JAMS;SEASHELLS;6542.0;10
62200;;;KELP;SEASHELLS;2046.0;1
62200;;;SQUID_INK;SEASHELLS;1780.0;1
62300;;;KELP;SEASHELLS;2046.0;1
62300;;;RAINFOREST_RESIN;SEASHELLS;10008.0;8
62300;;;SQUID_INK;SEASHELLS;1779.0;1
62500;;;KELP;SEASHELLS;2046.0;1
62500;;;SQUID_INK;SEASHELLS;1778.0;1
62600;;;DJEMBES;SEASHELLS;13461.0;4
62600;;;KELP;SEASHELLS;2048.0;1
62600;;;SQUID_INK;SEASHELLS;1779.0;1
62700;;;KELP;SEASHELLS;2048.0;1
62700;;;KELP;SEASHELLS;2048.0;7
62700;;;SQUID_INK;SEASHELLS;1778.0;1
62700;;;SQUID_INK;SEASHELLS;1778.0;7
62900;;;DJEMBES;SEASHELLS;13460.0;5
63000;;;DJEMBES;SEASHELLS;13461.0;5
63200;;;KELP;SEASHELLS;2049.0;1
63200;;;SQUID_INK;SEASHELLS;1778.0;1
63400;;;KELP;SEASHELLS;2048.0;1
63400;;;SQUID_INK;SEASHELLS;1775.0;1
63500;;;DJEMBES;SEASHELLS;13460.0;4
63600;;;VOLCANIC_ROCK_VOUCHER_10000;SEASHELLS;202.0;12
63600;;;VOLCANIC_ROCK_VOUCHER_10000;SEASHELLS;202.0;1
63600;;;VOLCANIC_ROCK_VOUCHER_9500;SEASHELLS;684.0;12
63600;;;VOLCANIC_ROCK_VOUCHER_9500;SEASHELLS;684.0;1
63600;;;VOLCANIC_ROCK_VOUCHER_9750;SEASHELLS;435.0;12
63600;;;VOLCANIC_ROCK_VOUCHER_9750;SEASHELLS;435.0;1
63800;;;DJEMBES;SEASHELLS;13460.0;4
63800;;;KELP;SEASHELLS;2048.0;1
63800;;;SQUID_INK;SEASHELLS;1776.0;1
63900;;;VOLCANIC_ROCK;SEASHELLS;10185.0;8
64100;;;CROISSANTS;SEASHELLS;4265.0;6
64100;;;DJEMBES;SEASHELLS;13458.0;5
64100;;;RAINFOREST_RESIN;SEASHELLS;10001.0;1
64200;;;KELP;SEASHELLS;2046.0;1
64200;;;SQUID_INK;SEASHELLS;1776.0;1
64300;;;RAINFOREST_RESIN;SEASHELLS;10008.0;1
64400;;;DJEMBES;SEASHELLS;13460.0;4
64400;;;JAMS;SEASHELLS;6535.0;6
64600;;;DJEMBES;SEASHELLS;13456.0;5
64600;;;KELP;SEASHELLS;2046.0;1
64600;;;SQUID_INK;SEASHELLS;1776.0;1
64700;;;VOLCANIC_ROCK;SEASHELLS;10189.0;6
64800;;;KELP;SEASHELLS;2047.0;2
64800;;;RAINFOREST_RESIN;SEASHELLS;9999.0;1
64800;;;SQUID_INK;SEASHELLS;1776.0;2
65000;;;KELP;SEASHELLS;2048.0;2
65000;;;SQUID_INK;SEASHELLS;1773.0;2
65100;;;CROISSANTS;SEASHELLS;4263.0;8
65100;;;KELP;SEASHELLS;2046.0;1
65100;;;SQUID_INK;SEASHELLS;1773.0;1
65200;;;CROISSANTS;SEASHELLS;4264.0;5
65200;;;VOLCANIC_ROCK_VOUCHER_10250;SEASHELLS;50.0;17
65200;;;VOLCANIC_ROCK_VOUCHER_10500;SEASHELLS;6.0;17
65200;;;VOLCANIC_ROCK_VOUCHER_9500;SEASHELLS;689.0;17
65200;;;VOLCANIC_ROCK_VOUCHER_9750;SEASHELLS;440.0;17
65300;;;CROISSANTS;SEASHELLS;4264.0;6
65300;;;JAMS;SEASHELLS;6537.0;10
65400;;;CROISSANTS;SEASHELLS;4264.0;8
65400;;;DJEMBES;SEASHELLS;13454.0;4
65400;;;KELP;SEASHELLS;2046.0;1
65400;;;RAINFOREST_RESIN;SEASHELLS;10008.0;1
65400;;;SQUID_INK;SEASHELLS;1775.0;1
65500;;;CROISSANTS;SEASHELLS;4264.0;5
65500;;;KELP;SEASHELLS;2048.0;4
65500;;;KELP;SEASHELLS;2048.0;4
65500;;;SQUID_INK;SEASHELLS;1776.0;4
65500;;;SQUID_INK;SEASHELLS;1776.0;4
65700;;;KELP;SEASHELLS;2046.0;1
65700;;;RAINFOREST_RESIN;SEASHELLS;9992.0;5
65700;;;RAINFOREST_RESIN;SEASHELLS;9997.0;8
65700;;;SQUID_INK;SEASHELLS;1774.0;1
65700;;;VOLCANIC_ROCK;SEASHELLS;10191.0;10
66000;;;KELP;SEASHELLS;2049.0;2
66000;;;SQUID_INK;SEASHELLS;1778.0;2
66300;;;KELP;SEASHELLS;2045.0;1
66300;;;SQUID_INK;SEASHELLS;1771.0;1
66300;;;VOLCANIC_ROCK_VOUCHER_10000;SEASHELLS;205.0;13
66300;;;VOLCANIC_ROCK_VOUCHER_10250;SEASHELLS;50.0;13
66300;;;VOLCANIC_ROCK_VOUCHER_10500;SEASHELLS;6.0;13
66300;;;VOLCANIC_ROCK_VOUCHER_9500;SEASHELLS;687.0;13
66300;;;VOLCANIC_ROCK_VOUCHER_9750;SEASHELLS;439.0;13
66400;;;PICNIC_BASKET1;SEASHELLS;58832.0;2
66400;;;PICNIC_BASKET1;SEASHELLS;58831.0;3
66400;;;PICNIC_BASKET2;SEASHELLS;30063.0;5
66500;;;KELP;SEASHELLS;2046.0;1
66500;;;SQUID_INK;SEASHELLS;1773.0;1
66700;;;KELP;SEASHELLS;2046.0;1
66700;;;SQUID_INK;SEASHELLS;1775.0;1
66900;;;KELP;SEASHELLS;2047.0;8
66900;;;SQUID_INK;SEASHELLS;1780.0;8
67000;;;SQUID_INK;SEASHELLS;1782.0;1
67200;;;VOLCANIC_ROCK_VOUCHER_10000;SEASHELLS;201.0;11
67200;;;VOLCANIC_ROCK_VOUCHER_10000;SEASHELLS;201.0;1
67200;;;VOLCANIC_ROCK_VOUCHER_10250;SEASHELLS;47.0;11
67200;;;VOLCANIC_ROCK_VOUCHER_10250;SEASHELLS;47.0;1
67200;;;VOLCANIC_ROCK_VOUCHER_10500;SEASHELLS;6.0;11
67200;;;VOLCANIC_ROCK_VOUCHER_10500;SEASHELLS;6.0;1
67200;;;VOLCANIC_ROCK_VOUCHER_9500;SEASHELLS;680.0;11
67200;;;VOLCANIC_ROCK_VOUCHER_9500;SEASHELLS;680.0;1
67200;;;VOLCANIC_ROCK_VOUCHER_9750;SEASHELLS;431.0;11
67200;;;VOLCANIC_ROCK_VOUCHER_9750;SEASHELLS;431.0;1
67300;;;DJEMBES;SEASHELLS;13456.0;5
67300;;;KELP;SEASHELLS;2045.0;1
67300;;;SQUID_INK;SEASHELLS;1779.0;1
67400;;;PICNIC_BASKET1;SEASHELLS;58836.0;2
67400;;;PICNIC_BASKET2;SEASHELLS;30071.0;2
67500;;;VOLCANIC_ROCK;SEASHELLS;10180.0;9
67600;;;KELP;SEASHELLS;2045.0;2
67600;;;SQUID_INK;SEASHELLS;1780.0;2
67700;;;KELP;SEASHELLS;2046.0;1
67700;;;SQUID_INK;SEASHELLS;1782.0;1
67800;;;KELP;SEASHELLS;2048.0;1
67800;;;MAGNIFICENT_MACARONS;SEASHELLS;569.0;7
67800;;;SQUID_INK;SEASHELLS;1783.0;1
67900;;;JAMS;SEASHELLS;6540.0;10
67900;;;RAINFOREST_RESIN;SEASHELLS;9992.0;1
68000;;;KELP;SEASHELLS;2049.0;2
68000;;;SQUID_INK;SEASHELLS;1782.0;2
68100;;;KELP;SEASHELLS;2049.0;11
68100;;;PICNIC_BASKET1;SEASHELLS;58828.0;2
68100;;;PICNIC_BASKET2;SEASHELLS;30070.0;6
68100;;;SQUID_INK;SEASHELLS;1782.0;2
68200;;;DJEMBES;SEASHELLS;13454.0;9
68200;;;JAMS;SEASHELLS;6542.0;4
68300;;;KELP;SEASHELLS;2046.0;1
68300;;;RAINFOREST_RESIN;SEASHELLS;9998.0;4
68300;;;SQUID_INK;SEASHELLS;1781.0;1
68400;;;CROISSANTS;SEASHELLS;4265.0;6
68600;;;DJEMBES;SEASHELLS;13458.0;3
68900;;;RAINFOREST_RESIN;SEASHELLS;9999.0;1
69000;;;KELP;SEASHELLS;2049.0;2
69000;;;SQUID_INK;SEASHELLS;1785.0;2
69100;;;DJEMBES;SEASHELLS;13461.0;2
69100;;;MAGNIFICENT_MACARONS;SEASHELLS;586.0;7
69100;;;RAINFOREST_RESIN;SEASHELLS;9992.0;1
69300;;;VOLCANIC_ROCK_VOUCHER_10000;SEASHELLS;209.0;15
69300;;;VOLCANIC_ROCK_VOUCHER_10250;SEASHELLS;52.0;15
69300;;;VOLCANIC_ROCK_VOUCHER_10500;SEASHELLS;6.0;15
69300;;;VOLCANIC_ROCK_VOUCHER_9500;SEASHELLS;692.0;15
69300;;;VOLCANIC_ROCK_VOUCHER_9750;SEASHELLS;443.0;15
69500;;;PICNIC_BASKET1;SEASHELLS;58854.0;1
69500;;;PICNIC_BASKET2;SEASHELLS;30061.0;5
69600;;;RAINFOREST_RESIN;SEASHELLS;10008.0;5
69600;;;VOLCANIC_ROCK_VOUCHER_10000;SEASHELLS;206.0;20
69600;;;VOLCANIC_ROCK_VOUCHER_10250;SEASHELLS;50.0;20
69600;;;VOLCANIC_ROCK_VOUCHER_10500;SEASHELLS;6.0;20
69600;;;VOLCANIC_ROCK_VOUCHER_9500;SEASHELLS;689.0;20
69600;;;VOLCANIC_ROCK_VOUCHER_9750;SEASHELLS;440.0;20
69800;;;CROISSANTS;SEASHELLS;4263.0;5
70200;;;KELP;SEASHELLS;2046.0;3
70200;;;SQUID_INK;SEASHELLS;1781.0;3
70300;;;DJEMBES;SEASHELLS;13473.0;5
70300;;;PICNIC_BASKET1;SEASHELLS;58864.0;1
70300;;;PICNIC_BASKET1;SEASHELLS;58863.0;7
70300;;;PICNIC_BASKET2;SEASHELLS;30078.0;8
70600;;;CROISSANTS;SEASHELLS;4266.0;8
70600;;;RAINFOREST_RESIN;SEASHELLS;9998.0;3
71100;;;CROISSANTS;SEASHELLS;4266.0;5
71200;;;JAMS;SEASHELLS;6543.0;7
71300;;;RAINFOREST_RESIN;SEASHELLS;9998.0;5
71500;;;CROISSANTS;SEASHELLS;4266.0;10
71700;;;DJEMBES;SEASHELLS;13468.0;3
71700;;;VOLCANIC_ROCK_VOUCHER_10000;SEASHELLS;206.0;11
71700;;;VOLCANIC_ROCK_VOUCHER_10000;SEASHELLS;206.0;1
71700;;;VOLCANIC_ROCK_VOUCHER_10250;SEASHELLS;51.0;11
71700;;;VOLCANIC_ROCK_VOUCHER_10250;SEASHELLS;51.0;1
71700;;;VOLCANIC_ROCK_VOUCHER_10500;SEASHELLS;6.0;11
71700;;;VOLCANIC_ROCK_VOUCHER_10500;SEASHELLS;6.0;1
71700;;;VOLCANIC_ROCK_VOUCHER_9500;SEASHELLS;690.0;11
71700;;;VOLCANIC_ROCK_VOUCHER_9500;SEASHELLS;690.0;1
71700;;;VOLCANIC_ROCK_VOUCHER_9750;SEASHELLS;442.0;11
71700;;;VOLCANIC_ROCK_VOUCHER_9750;SEASHELLS;442.0;1
71800;;;RAINFOREST_RESIN;SEASHELLS;10001.0;1
72000;;;DJEMBES;SEASHELLS;13471.0;1
72100;;;PICNIC_BASKET1;SEASHELLS;58904.0;8
72200;;;KELP;SEASHELLS;2045.0;1
72200;;;KELP;SEASHELLS;2049.0;14
72200;;;SQUID_INK;SEASHELLS;1785.0;1
72200;;;SQUID_INK;SEASHELLS;1788.0;14
72400;;;CROISSANTS;SEASHELLS;4267.0;5
72400;;;KELP;SEASHELLS;2049.0;6
72400;;;SQUID_INK;SEASHELLS;1787.0;6
72400;;;VOLCANIC_ROCK;SEASHELLS;10185.0;5
72500;;;KELP;SEASHELLS;2045.0;2
72500;;;RAINFOREST_RESIN;SEASHELLS;10001.0;1
72500;;;SQUID_INK;SEASHELLS;1786.0;2
72600;;;CROISSANTS;SEASHELLS;4267.0;7
72600;;;DJEMBES;SEASHELLS;13473.0;4
72700;;;JAMS;SEASHELLS;6544.0;7
72700;;;PICNIC_BASKET1;SEASHELLS;58898.0;8
72700;;;PICNIC_BASKET2;SEASHELLS;30085.0;8
72800;;;KELP;SEASHELLS;2049.0;2
72800;;;SQUID_INK;SEASHELLS;1788.0;2
72900;;;KELP;SEASHELLS;2046.0;1
72900;;;SQUID_INK;SEASHELLS;1786.0;1
73000;;;RAINFOREST_RESIN;SEASHELLS;9992.0;6
73000;;;VOLCANIC_ROCK_VOUCHER_10000;SEASHELLS;202.0;12
73000;;;VOLCANIC_ROCK_VOUCHER_10250;SEASHELLS;49.0;12
73000;;;VOLCANIC_ROCK_VOUCHER_10500;SEASHELLS;6.0;12
73000;;;VOLCANIC_ROCK_VOUCHER_9500;SEASHELLS;685.0;12
73000;;;VOLCANIC_ROCK_VOUCHER_9750;SEASHELLS;436.0;12
73100;;;JAMS;SEASHELLS;6542.0;8
73300;;;RAINFOREST_RESIN;SEASHELLS;10008.0;5
73500;;;PICNIC_BASKET1;SEASHELLS;58900.0;6
73500;;;PICNIC_BASKET2;SEASHELLS;30091.0;6
73500;;;RAINFOREST_RESIN;SEASHELLS;10008.0;1
73600;;;JAMS;SEASHELLS;6544.0;8
73700;;;PICNIC_BASKET1;SEASHELLS;58917.0;8
73700;;;PICNIC_BASKET2;SEASHELLS;30105.0;8
73700;;;RAINFOREST_RESIN;SEASHELLS;10002.0;1
73700;;;RAINFOREST_RESIN;SEASHELLS;10002.0;3
73800;;;DJEMBES;SEASHELLS;13474.0;4
73900;;;RAINFOREST_RESIN;SEASHELLS;9999.0;1
74000;;;DJEMBES;SEASHELLS;13476.0;4
74000;;;RAINFOREST_RESIN;SEASHELLS;9992.0;8
74100;;;KELP;SEASHELLS;2049.0;8
74100;;;SQUID_INK;SEASHELLS;1786.0;8
74200;;;RAINFOREST_RESIN;SEASHELLS;10008.0;5
74300;;;KELP;SEASHELLS;2048.0;1
74300;;;SQUID_INK;SEASHELLS;1787.0;1
74400;;;CROISSANTS;SEASHELLS;4266.0;6
74400;;;CROISSANTS;SEASHELLS;4267.0;5
74400;;;DJEMBES;SEASHELLS;13477.0;4
74400;;;KELP;SEASHELLS;2046.0;1
74400;;;SQUID_INK;SEASHELLS;1785.0;1
74400;;;VOLCANIC_ROCK;SEASHELLS;10188.0;10
74500;;;PICNIC_BASKET1;SEASHELLS;58892.0;2
74500;;;PICNIC_BASKET1;SEASHELLS;58891.0;10
74500;;;PICNIC_BASKET2;SEASHELLS;30095.0;7
74500;;;PICNIC_BASKET2;SEASHELLS;30095.0;8
74500;;;PICNIC_BASKET2;SEASHELLS;30095.0;2
74600;;;MAGNIFICENT_MACARONS;SEASHELLS;639.0;3
74700;;;VOLCANIC_ROCK;SEASHELLS;10188.0;5
74800;;;KELP;SEASHELLS;2048.0;1
74900;;;DJEMBES;SEASHELLS;13476.0;3
74900;;;VOLCANIC_ROCK_VOUCHER_10000;SEASHELLS;199.0;14
74900;;;VOLCANIC_ROCK_VOUCHER_10250;SEASHELLS;49.0;14
74900;;;VOLCANIC_ROCK_VOUCHER_10500;SEASHELLS;6.0;14
74900;;;VOLCANIC_ROCK_VOUCHER_9500;SEASHELLS;685.0;14
74900;;;VOLCANIC_ROCK_VOUCHER_9750;SEASHELLS;437.0;14
75100;;;CROISSANTS;SEASHELLS;4266.0;6
75200;;;KELP;SEASHELLS;2046.0;1
75200;;;MAGNIFICENT_MACARONS;SEASHELLS;646.0;5
75200;;;SQUID_INK;SEASHELLS;1783.0;1
75300;;;RAINFOREST_RESIN;SEASHELLS;9992.0;2
75400;;;KELP;SEASHELLS;2046.0;15
75400;;;SQUID_INK;SEASHELLS;1784.0;15
75500;;;VOLCANIC_ROCK;SEASHELLS;10186.0;5
75600;;;KELP;SEASHELLS;2046.0;1
75600;;;MAGNIFICENT_MACARONS;SEASHELLS;641.0;5
75600;;;MAGNIFICENT_MACARONS;SEASHELLS;641.0;2
75600;;;SQUID_INK;SEASHELLS;1785.0;1
75700;;;DJEMBES;SEASHELLS;13478.0;4
75800;;;MAGNIFICENT_MACARONS;SEASHELLS;650.0;6
76000;;;JAMS;SEASHELLS;6542.0;6
76000;;;KELP;SEASHELLS;2047.0;2
76000;;;SQUID_INK;SEASHELLS;1785.0;2
76000;;;VOLCANIC_ROCK_VOUCHER_10000;SEASHELLS;200.0;16
76000;;;VOLCANIC_ROCK_VOUCHER_10000;SEASHELLS;200.0;1
76000;;;VOLCANIC_ROCK_VOUCHER_10250;SEASHELLS;48.0;16
76000;;;VOLCANIC_ROCK_VOUCHER_10250;SEASHELLS;48.0;1
76000;;;VOLCANIC_ROCK_VOUCHER_10500;SEASHELLS;6.0;16
76000;;;VOLCANIC_ROCK_VOUCHER_10500;SEASHELLS;6.0;1
76000;;;VOLCANIC_ROCK_VOUCHER_9500;SEASHELLS;683.0;16
76000;;;VOLCANIC_ROCK_VOUCHER_9500;SEASHELLS;683.0;1
76000;;;VOLCANIC_ROCK_VOUCHER_9750;SEASHELLS;435.0;16
76000;;;VOLCANIC_ROCK_VOUCHER_9750;SEASHELLS;435.0;1
76400;;;CROISSANTS;SEASHELLS;4265.0;4
76400;;;KELP;SEASHELLS;2048.0;1
76400;;;SQUID_INK;SEASHELLS;1786.0;1
76500;;;CROISSANTS;SEASHELLS;4265.0;5
76500;;;KELP;SEASHELLS;2048.0;1
76500;;;SQUID_INK;SEASHELLS;1784.0;1
76700;;;RAINFOREST_RESIN;SEASHELLS;10002.0;4
76800;;;CROISSANTS;SEASHELLS;4264.0;7
76900;;;CROISSANTS;SEASHELLS;4264.0;5
77000;;;VOLCANIC_ROCK;SEASHELLS;10183.0;6
77100;;;KELP;SEASHELLS;2048.0;1
77100;;;SQUID_INK;SEASHELLS;1787.0;1
77200;;;CROISSANTS;SEASHELLS;4264.0;9
77200;;;MAGNIFICENT_MACARONS;SEASHELLS;632.0;5
77500;;;CROISSANTS;SEASHELLS;4263.0;4
77800;;;RAINFOREST_RESIN;SEASHELLS;9999.0;1
78100;;;KELP;SEASHELLS;2046.0;1
78100;;;SQUID_INK;SEASHELLS;1786.0;1
78200;;;JAMS;SEASHELLS;6539.0;7
78300;;;KELP;SEASHELLS;2049.0;1
78300;;;KELP;SEASHELLS;2048.0;1
78300;;;RAINFOREST_RESIN;SEASHELLS;9992.0;1
78300;;;SQUID_INK;SEASHELLS;1788.0;1
78400;;;KELP;SEASHELLS;2049.0;5
78400;;;RAINFOREST_RESIN;SEASHELLS;9992.0;6
78400;;;SQUID_INK;SEASHELLS;1787.0;5
78500;;;VOLCANIC_ROCK_VOUCHER_10000;SEASHELLS;198.0;14
78500;;;VOLCANIC_ROCK_VOUCHER_10250;SEASHELLS;47.0;14
78500;;;VOLCANIC_ROCK_VOUCHER_10500;SEASHELLS;6.0;14
78500;;;VOLCANIC_ROCK_VOUCHER_9500;SEASHELLS;679.0;14
78500;;;VOLCANIC_ROCK_VOUCHER_9750;SEASHELLS;431.0;14
78800;;;RAINFOREST_RESIN;SEASHELLS;9999.0;1
79000;;;CROISSANTS;SEASHELLS;4265.0;8
79100;;;DJEMBES;SEASHELLS;13483.0;4
79100;;;KELP;SEASHELLS;2046.0;1
79100;;;SQUID_INK;SEASHELLS;1783.0;1
79200;;;CROISSANTS;SEASHELLS;4263.0;8
79300;;;KELP;SEASHELLS;2046.0;10
79300;;;RAINFOREST_RESIN;SEASHELLS;10008.0;1
79300;;;SQUID_INK;SEASHELLS;1781.0;10
79400;;;VOLCANIC_ROCK;SEASHELLS;10181.0;7
79600;;;DJEMBES;SEASHELLS;13482.0;2
79800;;;MAGNIFICENT_MACARONS;SEASHELLS;638.0;6
79800;;;VOLCANIC_ROCK;SEASHELLS;10178.0;1
79900;;;KELP;SEASHELLS;2046.0;2
79900;;;KELP;SEASHELLS;2046.0;5
79900;;;SQUID_INK;SEASHELLS;1780.0;2
79900;;;SQUID_INK;SEASHELLS;1780.0;5
80000;;;VOLCANIC_ROCK_VOUCHER_10000;SEASHELLS;198.0;15
80000;;;VOLCANIC_ROCK_VOUCHER_10250;SEASHELLS;47.0;15
80000;;;VOLCANIC_ROCK_VOUCHER_10500;SEASHELLS;6.0;15
80000;;;VOLCANIC_ROCK_VOUCHER_9500;SEASHELLS;679.0;15
80000;;;VOLCANIC_ROCK_VOUCHER_9750;SEASHELLS;431.0;15
80100;;;KELP;SEASHELLS;2048.0;1
80100;;;SQUID_INK;SEASHELLS;1782.0;1
80200;;;VOLCANIC_ROCK_VOUCHER_10000;SEASHELLS;196.0;12
80200;;;VOLCANIC_ROCK_VOUCHER_10250;SEASHELLS;48.0;12
80200;;;VOLCANIC_ROCK_VOUCHER_10500;SEASHELLS;6.0;12
80200;;;VOLCANIC_ROCK_VOUCHER_9500;SEASHELLS;682.0;12
80200;;;VOLCANIC_ROCK_VOUCHER_9750;SEASHELLS;434.0;12
80500;;;CROISSANTS;SEASHELLS;4261.0;5
80500;;;RAINFOREST_RESIN;SEASHELLS;9997.0;3
80500;;;RAINFOREST_RESIN;SEASHELLS;9997.0;4
80700;;;RAINFOREST_RESIN;SEASHELLS;10002.0;4
80700;;;SQUID_INK;SEASHELLS;1777.0;1
80700;;;VOLCANIC_ROCK;SEASHELLS;10186.0;8
80800;;;CROISSANTS;SEASHELLS;4263.0;5
80900;;;JAMS;SEASHELLS;6537.0;7
80900;;;KELP;SEASHELLS;2050.0;15
80900;;;KELP;SEASHELLS;2049.0;1
80900;;;RAINFOREST_RESIN;SEASHELLS;10008.0;1
80900;;;SQUID_INK;SEASHELLS;1782.0;15
80900;;;SQUID_INK;SEASHELLS;1781.0;1
81200;;;KELP;SEASHELLS;2047.0;2
81200;;;SQUID_INK;SEASHELLS;1780.0;2
81600;;;CROISSANTS;SEASHELLS;4262.0;8
81700;;;CROISSANTS;SEASHELLS;4263.0;5
81700;;;KELP;SEASHELLS;2049.0;1
81700;;;SQUID_INK;SEASHELLS;1779.0;1
81700;;;SQUID_INK;SEASHELLS;1778.0;4
81700;;;VOLCANIC_ROCK_VOUCHER_10000;SEASHELLS;201.0;11
81700;;;VOLCANIC_ROCK_VOUCHER_10000;SEASHELLS;201.0;1
81700;;;VOLCANIC_ROCK_VOUCHER_9500;SEASHELLS;683.0;11
81700;;;VOLCANIC_ROCK_VOUCHER_9500;SEASHELLS;683.0;1
81700;;;VOLCANIC_ROCK_VOUCHER_9750;SEASHELLS;435.0;11
81700;;;VOLCANIC_ROCK_VOUCHER_9750;SEASHELLS;435.0;1
81800;;;KELP;SEASHELLS;2050.0;2
81800;;;SQUID_INK;SEASHELLS;1781.0;2
81900;;;JAMS;SEASHELLS;6536.0;6
81900;;;KELP;SEASHELLS;2050.0;2
81900;;;PICNIC_BASKET1;SEASHELLS;58894.0;2
81900;;;PICNIC_BASKET1;SEASHELLS;58894.0;6
81900;;;SQUID_INK;SEASHELLS;1780.0;2
82000;;;KELP;SEASHELLS;2050.0;13
82000;;;SQUID_INK;SEASHELLS;1781.0;13
82200;;;KELP;SEASHELLS;2050.0;4
82200;;;SQUID_INK;SEASHELLS;1779.0;4
82300;;;RAINFOREST_RESIN;SEASHELLS;10002.0;3
82300;;;VOLCANIC_ROCK;SEASHELLS;10185.0;3
82500;;;KELP;SEASHELLS;2047.0;15
82500;;;PICNIC_BASKET1;SEASHELLS;58897.0;2
82500;;;PICNIC_BASKET2;SEASHELLS;30073.0;7
82500;;;RAINFOREST_RESIN;SEASHELLS;9992.0;2
82500;;;SQUID_INK;SEASHELLS;1776.0;15
82700;;;KELP;SEASHELLS;2047.0;1
82700;;;SQUID_INK;SEASHELLS;1775.0;1
82800;;;CROISSANTS;SEASHELLS;4263.0;5
82800;;;JAMS;SEASHELLS;6536.0;7
82900;;;KELP;SEASHELLS;2047.0;1
82900;;;RAINFOREST_RESIN;SEASHELLS;9998.0;3
83000;;;KELP;SEASHELLS;2050.0;8
83000;;;SQUID_INK;SEASHELLS;1777.0;8
83100;;;CROISSANTS;SEASHELLS;4264.0;8
83200;;;DJEMBES;SEASHELLS;13485.0;1
83500;;;JAMS;SEASHELLS;6534.0;8
83500;;;KELP;SEASHELLS;2047.0;1
83500;;;SQUID_INK;SEASHELLS;1777.0;1
83800;;;DJEMBES;SEASHELLS;13486.0;4
83800;;;VOLCANIC_ROCK_VOUCHER_10000;SEASHELLS;204.0;11
83800;;;VOLCANIC_ROCK_VOUCHER_10250;SEASHELLS;50.0;11
83800;;;VOLCANIC_ROCK_VOUCHER_10500;SEASHELLS;6.0;11
83800;;;VOLCANIC_ROCK_VOUCHER_9500;SEASHELLS;687.0;11
83800;;;VOLCANIC_ROCK_VOUCHER_9750;SEASHELLS;438.0;11
83900;;;JAMS;SEASHELLS;6534.0;5
84000;;;KELP;SEASHELLS;2050.0;2
84000;;;SQUID_INK;SEASHELLS;1779.0;2
84100;;;PICNIC_BASKET1;SEASHELLS;58883.0;2
84100;;;PICNIC_BASKET1;SEASHELLS;58883.0;3
84100;;;PICNIC_BASKET2;SEASHELLS;30070.0;2
84100;;;PICNIC_BASKET2;SEASHELLS;30070.0;3
84200;;;KELP;SEASHELLS;2050.0;1
84200;;;SQUID_INK;SEASHELLS;1777.0;1
84300;;;DJEMBES;SEASHELLS;13488.0;5
84300;;;KELP;SEASHELLS;2050.0;1
84300;;;RAINFOREST_RESIN;SEASHELLS;9999.0;1
84300;;;SQUID_INK;SEASHELLS;1778.0;1
84700;;;KELP;SEASHELLS;2048.0;1
84700;;;SQUID_INK;SEASHELLS;1776.0;1
84800;;;CROISSANTS;SEASHELLS;4264.0;10
84800;;;PICNIC_BASKET1;SEASHELLS;58896.0;8
84800;;;PICNIC_BASKET2;SEASHELLS;30075.0;8
85000;;;RAINFOREST_RESIN;SEASHELLS;9998.0;4
85100;;;VOLCANIC_ROCK_VOUCHER_10000;SEASHELLS;199.0;5
85100;;;VOLCANIC_ROCK_VOUCHER_10250;SEASHELLS;47.0;5
85100;;;VOLCANIC_ROCK_VOUCHER_10500;SEASHELLS;6.0;5
85100;;;VOLCANIC_ROCK_VOUCHER_9500;SEASHELLS;680.0;5
85100;;;VOLCANIC_ROCK_VOUCHER_9750;SEASHELLS;431.0;5
85200;;;JAMS;SEASHELLS;6535.0;9
85200;;;KELP;SEASHELLS;2049.0;1
85300;;;RAINFOREST_RESIN;SEASHELLS;10008.0;2
85400;;;RAINFOREST_RESIN;SEASHELLS;10001.0;1
85400;;;VOLCANIC_ROCK_VOUCHER_10000;SEASHELLS;197.0;9
85400;;;VOLCANIC_ROCK_VOUCHER_10250;SEASHELLS;48.0;9
85400;;;VOLCANIC_ROCK_VOUCHER_10500;SEASHELLS;6.0;9
85400;;;VOLCANIC_ROCK_VOUCHER_9500;SEASHELLS;681.0;9
85400;;;VOLCANIC_ROCK_VOUCHER_9750;SEASHELLS;433.0;9
85500;;;RAINFOREST_RESIN;SEASHELLS;9992.0;4
85500;;;RAINFOREST_RESIN;SEASHELLS;9992.0;1
85500;;;VOLCANIC_ROCK;SEASHELLS;10183.0;5
85600;;;CROISSANTS;SEASHELLS;4263.0;8
85600;;;JAMS;SEASHELLS;6537.0;8
85800;;;KELP;SEASHELLS;2048.0;2
85800;;;KELP;SEASHELLS;2048.0;4
85800;;;SQUID_INK;SEASHELLS;1776.0;2
85800;;;SQUID_INK;SEASHELLS;1776.0;4
85900;;;RAINFOREST_RESIN;SEASHELLS;10008.0;6
86000;;;JAMS;SEASHELLS;6534.0;4
86100;;;RAINFOREST_RESIN;SEASHELLS;9998.0;4
86400;;;JAMS;SEASHELLS;6532.0;8
86500;;;JAMS;SEASHELLS;6530.0;4
86500;;;SQUID_INK;SEASHELLS;1783.0;3
86700;;;JAMS;SEASHELLS;6531.0;5
86700;;;KELP;SEASHELLS;2050.0;1
86700;;;PICNIC_BASKET1;SEASHELLS;58885.0;2
86700;;;PICNIC_BASKET2;SEASHELLS;30068.0;2
86800;;;DJEMBES;SEASHELLS;13493.0;1
86800;;;KELP;SEASHELLS;2051.0;1
86800;;;SQUID_INK;SEASHELLS;1785.0;1
86900;;;KELP;SEASHELLS;2048.0;2
86900;;;SQUID_INK;SEASHELLS;1782.0;2
87000;;;DJEMBES;SEASHELLS;13489.0;4
87000;;;KELP;SEASHELLS;2048.0;4
87000;;;SQUID_INK;SEASHELLS;1781.0;4
87000;;;VOLCANIC_ROCK;SEASHELLS;10172.0;9
87100;;;DJEMBES;SEASHELLS;13491.0;3
87100;;;KELP;SEASHELLS;2048.0;3
87100;;;SQUID_INK;SEASHELLS;1782.0;3
87300;;;JAMS;SEASHELLS;6533.0;11
87300;;;JAMS;SEASHELLS;6533.0;5
87400;;;JAMS;SEASHELLS;6534.0;7
87400;;;RAINFOREST_RESIN;SEASHELLS;10008.0;6
87700;;;PICNIC_BASKET1;SEASHELLS;58910.0;1
87700;;;PICNIC_BASKET1;SEASHELLS;58910.0;7
87700;;;PICNIC_BASKET1;SEASHELLS;58911.0;9
87700;;;PICNIC_BASKET2;SEASHELLS;30084.0;9
87800;;;JAMS;SEASHELLS;6535.0;7
87900;;;KELP;SEASHELLS;2049.0;1
87900;;;SQUID_INK;SEASHELLS;1779.0;1
88000;;;DJEMBES;SEASHELLS;13494.0;5
88000;;;DJEMBES;SEASHELLS;13496.0;1
88000;;;JAMS;SEASHELLS;6535.0;3
88000;;;PICNIC_BASKET1;SEASHELLS;58903.0;1
88000;;;PICNIC_BASKET2;SEASHELLS;30080.0;6
88300;;;DJEMBES;SEASHELLS;13493.0;1
88300;;;KELP;SEASHELLS;2052.0;2
88300;;;RAINFOREST_RESIN;SEASHELLS;9992.0;8
88300;;;SQUID_INK;SEASHELLS;1784.0;2
88400;;;RAINFOREST_RESIN;SEASHELLS;9999.0;1
88400;;;SQUID_INK;SEASHELLS;1783.0;2
88500;;;CROISSANTS;SEASHELLS;4266.0;8
88500;;;MAGNIFICENT_MACARONS;SEASHELLS;619.0;4
88600;;;JAMS;SEASHELLS;6536.0;3
88600;;;KELP;SEASHELLS;2051.0;1
88600;;;SQUID_INK;SEASHELLS;1784.0;1
88700;;;VOLCANIC_ROCK_VOUCHER_10000;SEASHELLS;197.0;12
88700;;;VOLCANIC_ROCK_VOUCHER_10250;SEASHELLS;46.0;12
88700;;;VOLCANIC_ROCK_VOUCHER_10500;SEASHELLS;5.0;12
88700;;;VOLCANIC_ROCK_VOUCHER_9750;SEASHELLS;429.0;12
88900;;;KELP;SEASHELLS;2049.0;14
88900;;;SQUID_INK;SEASHELLS;1783.0;14
89100;;;JAMS;SEASHELLS;6537.0;6
89100;;;RAINFOREST_RESIN;SEASHELLS;9999.0;1
89200;;;RAINFOREST_RESIN;SEASHELLS;10001.0;1
89400;;;DJEMBES;SEASHELLS;13490.0;3
89400;;;RAINFOREST_RESIN;SEASHELLS;10008.0;6
89500;;;CROISSANTS;SEASHELLS;4268.0;7
89500;;;RAINFOREST_RESIN;SEASHELLS;10008.0;5
89600;;;VOLCANIC_ROCK;SEASHELLS;10181.0;6
89800;;;CROISSANTS;SEASHELLS;4266.0;10
89800;;;KELP;SEASHELLS;2050.0;2
89800;;;SQUID_INK;SEASHELLS;1787.0;2
89900;;;DJEMBES;SEASHELLS;13491.0;3
89900;;;JAMS;SEASHELLS;6534.0;4
89900;;;PICNIC_BASKET1;SEASHELLS;58887.0;10
89900;;;PICNIC_BASKET2;SEASHELLS;30113.0;10
89900;;;VOLCANIC_ROCK_VOUCHER_10000;SEASHELLS;205.0;14
89900;;;VOLCANIC_ROCK_VOUCHER_10250;SEASHELLS;48.0;14
89900;;;VOLCANIC_ROCK_VOUCHER_9500;SEASHELLS;682.0;14
89900;;;VOLCANIC_ROCK_VOUCHER_9750;SEASHELLS;433.0;14
90300;;;DJEMBES;SEASHELLS;13492.0;2
90400;;;VOLCANIC_ROCK;SEASHELLS;10175.0;6
90400;;;VOLCANIC_ROCK_VOUCHER_10000;SEASHELLS;194.0;10
90400;;;VOLCANIC_ROCK_VOUCHER_10250;SEASHELLS;46.0;10
90400;;;VOLCANIC_ROCK_VOUCHER_10500;SEASHELLS;5.0;10
90400;;;VOLCANIC_ROCK_VOUCHER_9500;SEASHELLS;676.0;10
90400;;;VOLCANIC_ROCK_VOUCHER_9750;SEASHELLS;427.0;10
90500;;;JAMS;SEASHELLS;6532.0;7
90600;;;KELP;SEASHELLS;2048.0;8
90700;;;DJEMBES;SEASHELLS;13488.0;2
90700;;;JAMS;SEASHELLS;6532.0;4
90700;;;PICNIC_BASKET1;SEASHELLS;58874.0;2
90700;;;PICNIC_BASKET1;SEASHELLS;58874.0;6
90700;;;PICNIC_BASKET2;SEASHELLS;30103.0;8
90700;;;RAINFOREST_RESIN;SEASHELLS;9992.0;6
90700;;;VOLCANIC_ROCK_VOUCHER_10000;SEASHELLS;194.0;12
90700;;;VOLCANIC_ROCK_VOUCHER_10000;SEASHELLS;194.0;2
90700;;;VOLCANIC_ROCK_VOUCHER_10250;SEASHELLS;46.0;12
90700;;;VOLCANIC_ROCK_VOUCHER_10250;SEASHELLS;46.0;2
90700;;;VOLCANIC_ROCK_VOUCHER_9500;SEASHELLS;676.0;12
90700;;;VOLCANIC_ROCK_VOUCHER_9500;SEASHELLS;676.0;2
90700;;;VOLCANIC_ROCK_VOUCHER_9750;SEASHELLS;428.0;12
90700;;;VOLCANIC_ROCK_VOUCHER_9750;SEASHELLS;428.0;2
90800;;;KELP;SEASHELLS;2048.0;1
90800;;;KELP;SEASHELLS;2051.0;1
90800;;;RAINFOREST_RESIN;SEASHELLS;10008.0;8
90800;;;SQUID_INK;SEASHELLS;1788.0;1
90800;;;SQUID_INK;SEASHELLS;1791.0;1
90800;;;VOLCANIC_ROCK;SEASHELLS;10174.0;9
91000;;;RAINFOREST_RESIN;SEASHELLS;9992.0;7
91100;;;RAINFOREST_RESIN;SEASHELLS;10008.0;1
91200;;;JAMS;SEASHELLS;6533.0;8
91200;;;KELP;SEASHELLS;2048.0;2
91200;;;KELP;SEASHELLS;2049.0;3
91200;;;SQUID_INK;SEASHELLS;1789.0;3
91200;;;SQUID_INK;SEASHELLS;1789.0;2
91300;;;KELP;SEASHELLS;2050.0;1
91300;;;MAGNIFICENT_MACARONS;SEASHELLS;623.0;7
91300;;;PICNIC_BASKET1;SEASHELLS;58891.0;1
91300;;;PICNIC_BASKET2;SEASHELLS;30106.0;1
91300;;;SQUID_INK;SEASHELLS;1791.0;1
91500;;;KELP;SEASHELLS;2048.0;13
91500;;;SQUID_INK;SEASHELLS;1790.0;13
91600;;;JAMS;SEASHELLS;6538.0;7
91700;;;DJEMBES;SEASHELLS;13492.0;4
91700;;;VOLCANIC_ROCK;SEASHELLS;10176.0;2
91800;;;CROISSANTS;SEASHELLS;4265.0;6
91800;;;PICNIC_BASKET1;SEASHELLS;58890.0;2
91800;;;PICNIC_BASKET1;SEASHELLS;58889.0;1
91800;;;PICNIC_BASKET2;SEASHELLS;30102.0;2
91800;;;PICNIC_BASKET2;SEASHELLS;30101.0;1
91900;;;JAMS;SEASHELLS;6538.0;6
91900;;;RAINFOREST_RESIN;SEASHELLS;10008.0;5
92000;;;VOLCANIC_ROCK_VOUCHER_10000;SEASHELLS;198.0;15
92000;;;VOLCANIC_ROCK_VOUCHER_9500;SEASHELLS;677.0;15
92000;;;VOLCANIC_ROCK_VOUCHER_9750;SEASHELLS;429.0;15
92100;;;PICNIC_BASKET1;SEASHELLS;58900.0;8
92100;;;PICNIC_BASKET2;SEASHELLS;30106.0;8
92100;;;RAINFOREST_RESIN;SEASHELLS;9992.0;1
92400;;;JAMS;SEASHELLS;6536.0;7
92400;;;VOLCANIC_ROCK_VOUCHER_10000;SEASHELLS;204.0;11
92400;;;VOLCANIC_ROCK_VOUCHER_10250;SEASHELLS;49.0;11
92400;;;VOLCANIC_ROCK_VOUCHER_10500;SEASHELLS;6.0;11
92400;;;VOLCANIC_ROCK_VOUCHER_9500;SEASHELLS;685.0;11
92400;;;VOLCANIC_ROCK_VOUCHER_9750;SEASHELLS;437.0;11
92500;;;DJEMBES;SEASHELLS;13496.0;1
92500;;;KELP;SEASHELLS;2048.0;15
92500;;;SQUID_INK;SEASHELLS;1792.0;15
92600;;;SQUID_INK;SEASHELLS;1793.0;2
92600;;;VOLCANIC_ROCK;SEASHELLS;10192.0;9
92900;;;VOLCANIC_ROCK;SEASHELLS;10188.0;3
92900;;;VOLCANIC_ROCK_VOUCHER_10000;SEASHELLS;204.0;16
92900;;;VOLCANIC_ROCK_VOUCHER_10250;SEASHELLS;50.0;16
92900;;;VOLCANIC_ROCK_VOUCHER_10500;SEASHELLS;6.0;16
92900;;;VOLCANIC_ROCK_VOUCHER_9500;SEASHELLS;689.0;16
92900;;;VOLCANIC_ROCK_VOUCHER_9750;SEASHELLS;440.0;16
93000;;;KELP;SEASHELLS;2049.0;1
93000;;;SQUID_INK;SEASHELLS;1794.0;1
93300;;;KELP;SEASHELLS;2051.0;5
93300;;;SQUID_INK;SEASHELLS;1796.0;5
93500;;;PICNIC_BASKET1;SEASHELLS;58930.0;2
93500;;;PICNIC_BASKET2;SEASHELLS;30120.0;8
93600;;;DJEMBES;SEASHELLS;13496.0;4
93600;;;KELP;SEASHELLS;2049.0;3
93600;;;SQUID_INK;SEASHELLS;1794.0;3
93700;;;RAINFOREST_RESIN;SEASHELLS;9999.0;1
93800;;;RAINFOREST_RESIN;SEASHELLS;9998.0;5
93900;;;CROISSANTS;SEASHELLS;4267.0;8
93900;;;JAMS;SEASHELLS;6538.0;10
93900;;;RAINFOREST_RESIN;SEASHELLS;9992.0;2
94000;;;VOLCANIC_ROCK_VOUCHER_10000;SEASHELLS;201.0;15
94000;;;VOLCANIC_ROCK_VOUCHER_10000;SEASHELLS;201.0;2
94000;;;VOLCANIC_ROCK_VOUCHER_10250;SEASHELLS;48.0;15
94000;;;VOLCANIC_ROCK_VOUCHER_10250;SEASHELLS;48.0;2
94000;;;VOLCANIC_ROCK_VOUCHER_10500;SEASHELLS;6.0;15
94000;;;VOLCANIC_ROCK_VOUCHER_10500;SEASHELLS;6.0;2
94000;;;VOLCANIC_ROCK_VOUCHER_9750;SEASHELLS;434.0;15
94000;;;VOLCANIC_ROCK_VOUCHER_9750;SEASHELLS;434.0;2
94100;;;JAMS;SEASHELLS;6539.0;9
94200;;;KELP;SEASHELLS;2051.0;1
94200;;;SQUID_INK;SEASHELLS;1796.0;1
94300;;;KELP;SEASHELLS;2050.0;1
94300;;;SQUID_INK;SEASHELLS;1795.0;1
94500;;;KELP;SEASHELLS;2052.0;2
94500;;;SQUID_INK;SEASHELLS;1797.0;2
94600;;;JAMS;SEASHELLS;6537.0;6
94600;;;KELP;SEASHELLS;2051.0;1
94600;;;SQUID_INK;SEASHELLS;1796.0;1
94800;;;KELP;SEASHELLS;2049.0;1
94800;;;SQUID_INK;SEASHELLS;1795.0;1
95000;;;RAINFOREST_RESIN;SEASHELLS;10001.0;1
95400;;;KELP;SEASHELLS;2051.0;1
95400;;;SQUID_INK;SEASHELLS;1798.0;1
95500;;;JAMS;SEASHELLS;6538.0;8
95500;;;PICNIC_BASKET1;SEASHELLS;58914.0;5
95500;;;PICNIC_BASKET2;SEASHELLS;30101.0;5
95600;;;JAMS;SEASHELLS;6538.0;4
95800;;;JAMS;SEASHELLS;6536.0;7
95900;;;RAINFOREST_RESIN;SEASHELLS;9992.0;8
95900;;;VOLCANIC_ROCK_VOUCHER_10000;SEASHELLS;195.0;15
95900;;;VOLCANIC_ROCK_VOUCHER_10250;SEASHELLS;46.0;15
95900;;;VOLCANIC_ROCK_VOUCHER_10500;SEASHELLS;5.0;15
95900;;;VOLCANIC_ROCK_VOUCHER_9500;SEASHELLS;677.0;15
95900;;;VOLCANIC_ROCK_VOUCHER_9750;SEASHELLS;429.0;15
96300;;;CROISSANTS;SEASHELLS;4266.0;4
96400;;;JAMS;SEASHELLS;6540.0;5
96500;;;RAINFOREST_RESIN;SEASHELLS;9998.0;4
96600;;;MAGNIFICENT_MACARONS;SEASHELLS;596.0;3
96700;;;CROISSANTS;SEASHELLS;4266.0;10
97000;;;RAINFOREST_RESIN;SEASHELLS;10008.0;8
97200;;;DJEMBES;SEASHELLS;13489.0;5
97300;;;KELP;SEASHELLS;2049.0;1
97300;;;SQUID_INK;SEASHELLS;1788.0;1
97400;;;JAMS;SEASHELLS;6537.0;9
97400;;;KELP;SEASHELLS;2049.0;1
97400;;;KELP;SEASHELLS;2049.0;5
97400;;;SQUID_INK;SEASHELLS;1789.0;1
97400;;;SQUID_INK;SEASHELLS;1789.0;5
97500;;;DJEMBES;SEASHELLS;13487.0;2
97500;;;PICNIC_BASKET1;SEASHELLS;58902.0;5
97500;;;PICNIC_BASKET2;SEASHELLS;30086.0;5
97600;;;PICNIC_BASKET1;SEASHELLS;58901.0;1
97600;;;PICNIC_BASKET1;SEASHELLS;58900.0;3
97600;;;PICNIC_BASKET2;SEASHELLS;30090.0;4
97700;;;RAINFOREST_RESIN;SEASHELLS;10002.0;3
97800;;;DJEMBES;SEASHELLS;13485.0;1
97900;;;PICNIC_BASKET1;SEASHELLS;58911.0;2
97900;;;PICNIC_BASKET2;SEASHELLS;30102.0;9
98000;;;JAMS;SEASHELLS;6541.0;9
98000;;;VOLCANIC_ROCK;SEASHELLS;10167.0;1
98100;;;CROISSANTS;SEASHELLS;4266.0;5
98100;;;RAINFOREST_RESIN;SEASHELLS;9992.0;1
98100;;;RAINFOREST_RESIN;SEASHELLS;9999.0;1
98200;;;VOLCANIC_ROCK;SEASHELLS;10165.0;5
98300;;;PICNIC_BASKET1;SEASHELLS;58910.0;1
98300;;;PICNIC_BASKET1;SEASHELLS;58909.0;1
98300;;;PICNIC_BASKET1;SEASHELLS;58909.0;10
98300;;;PICNIC_BASKET2;SEASHELLS;30105.0;2
98300;;;PICNIC_BASKET2;SEASHELLS;30105.0;10
98400;;;RAINFOREST_RESIN;SEASHELLS;9992.0;1
98800;;;KELP;SEASHELLS;2049.0;1
99000;;;KELP;SEASHELLS;2049.0;1
99000;;;MAGNIFICENT_MACARONS;SEASHELLS;595.0;3
99000;;;SQUID_INK;SEASHELLS;1787.0;1
99100;;;DJEMBES;SEASHELLS;13480.0;1
99200;;;JAMS;SEASHELLS;6547.0;5
99300;;;JAMS;SEASHELLS;6545.0;4
99300;;;KELP;SEASHELLS;2051.0;2
99300;;;SQUID_INK;SEASHELLS;1788.0;2
99300;;;SQUID_INK;SEASHELLS;1788.0;1
99400;;;CROISSANTS;SEASHELLS;4265.0;8
99500;;;KELP;SEASHELLS;2052.0;15
99500;;;SQUID_INK;SEASHELLS;1788.0;2
99600;;;RAINFOREST_RESIN;SEASHELLS;10002.0;4
99900;;;VOLCANIC_ROCK;SEASHELLS;10155.0;2
100000;;;MAGNIFICENT_MACARONS;SEASHELLS;593.0;5
100100;;;MAGNIFICENT_MACARONS;SEASHELLS;596.0;7
100600;;;KELP;SEASHELLS;2052.0;1
100600;;;SQUID_INK;SEASHELLS;1787.0;1
100800;;;DJEMBES;SEASHELLS;13476.0;2
100800;;;RAINFOREST_RESIN;SEASHELLS;9997.0;5
100800;;;RAINFOREST_RESIN;SEASHELLS;9997.0;4
100900;;;KELP;SEASHELLS;2051.0;1
100900;;;KELP;SEASHELLS;2049.0;5
100900;;;RAINFOREST_RESIN;SEASHELLS;9992.0;8
100900;;;SQUID_INK;SEASHELLS;1786.0;1
100900;;;SQUID_INK;SEASHELLS;1784.0;5
101100;;;MAGNIFICENT_MACARONS;SEASHELLS;588.0;5
101200;;;DJEMBES;SEASHELLS;13474.0;2
101200;;;VOLCANIC_ROCK;SEASHELLS;10155.0;9
101300;;;JAMS;SEASHELLS;6541.0;5
101300;;;VOLCANIC_ROCK_VOUCHER_10000;SEASHELLS;176.0;17
101300;;;VOLCANIC_ROCK_VOUCHER_10250;SEASHELLS;39.0;17
101300;;;VOLCANIC_ROCK_VOUCHER_10500;SEASHELLS;4.0;17
101300;;;VOLCANIC_ROCK_VOUCHER_9500;SEASHELLS;656.0;17
101300;;;VOLCANIC_ROCK_VOUCHER_9750;SEASHELLS;407.0;17
101700;;;KELP;SEASHELLS;2049.0;1
101700;;;SQUID_INK;SEASHELLS;1782.0;1
101800;;;KELP;SEASHELLS;2049.0;2
101800;;;SQUID_INK;SEASHELLS;1783.0;2
101900;;;KELP;SEASHELLS;2050.0;1
101900;;;SQUID_INK;SEASHELLS;1782.0;1
102000;;;VOLCANIC_ROCK_VOUCHER_10000;SEASHELLS;179.0;13
102000;;;VOLCANIC_ROCK_VOUCHER_10250;SEASHELLS;39.0;13
102000;;;VOLCANIC_ROCK_VOUCHER_10500;SEASHELLS;4.0;13
102000;;;VOLCANIC_ROCK_VOUCHER_9500;SEASHELLS;656.0;13
102000;;;VOLCANIC_ROCK_VOUCHER_9750;SEASHELLS;408.0;13
102100;;;KELP;SEASHELLS;2050.0;5
102100;;;SQUID_INK;SEASHELLS;1781.0;5
102100;;;VOLCANIC_ROCK;SEASHELLS;10154.0;6
102100;;;VOLCANIC_ROCK_VOUCHER_10000;SEASHELLS;174.0;8
102100;;;VOLCANIC_ROCK_VOUCHER_10250;SEASHELLS;39.0;8
102100;;;VOLCANIC_ROCK_VOUCHER_10500;SEASHELLS;4.0;8
102100;;;VOLCANIC_ROCK_VOUCHER_9500;SEASHELLS;654.0;8
102100;;;VOLCANIC_ROCK_VOUCHER_9750;SEASHELLS;406.0;8
102300;;;CROISSANTS;SEASHELLS;4263.0;7
102400;;;KELP;SEASHELLS;2050.0;1
102400;;;KELP;SEASHELLS;2051.0;2
102400;;;KELP;SEASHELLS;2050.0;15
102400;;;SQUID_INK;SEASHELLS;1778.0;1
102400;;;SQUID_INK;SEASHELLS;1779.0;2
102500;;;RAINFOREST_RESIN;SEASHELLS;9992.0;2
102600;;;KELP;SEASHELLS;2053.0;15
102600;;;SQUID_INK;SEASHELLS;1781.0;15
102600;;;VOLCANIC_ROCK_VOUCHER_10000;SEASHELLS;175.0;19
102600;;;VOLCANIC_ROCK_VOUCHER_10250;SEASHELLS;37.0;19
102600;;;VOLCANIC_ROCK_VOUCHER_10500;SEASHELLS;4.0;19
102600;;;VOLCANIC_ROCK_VOUCHER_9500;SEASHELLS;649.0;19
102600;;;VOLCANIC_ROCK_VOUCHER_9750;SEASHELLS;401.0;19
102700;;;MAGNIFICENT_MACARONS;SEASHELLS;568.0;6
102900;;;CROISSANTS;SEASHELLS;4262.0;7
103100;;;JAMS;SEASHELLS;6545.0;5
103100;;;KELP;SEASHELLS;2050.0;5
103100;;;SQUID_INK;SEASHELLS;1784.0;5
103200;;;KELP;SEASHELLS;2052.0;1
103200;;;SQUID_INK;SEASHELLS;1786.0;1
103300;;;RAINFOREST_RESIN;SEASHELLS;10008.0;2
103400;;;DJEMBES;SEASHELLS;13473.0;1
103500;;;DJEMBES;SEASHELLS;13474.0;5
103600;;;CROISSANTS;SEASHELLS;4262.0;5
103600;;;VOLCANIC_ROCK;SEASHELLS;10155.0;9
103800;;;KELP;SEASHELLS;2051.0;1
103800;;;SQUID_INK;SEASHELLS;1788.0;1
103900;;;RAINFOREST_RESIN;SEASHELLS;9997.0;2
103900;;;RAINFOREST_RESIN;SEASHELLS;9997.0;5
104000;;;VOLCANIC_ROCK_VOUCHER_10000;SEASHELLS;177.0;5
104000;;;VOLCANIC_ROCK_VOUCHER_10250;SEASHELLS;40.0;5
104000;;;VOLCANIC_ROCK_VOUCHER_10500;SEASHELLS;5.0;5
104000;;;VOLCANIC_ROCK_VOUCHER_9500;SEASHELLS;657.0;5
104000;;;VOLCANIC_ROCK_VOUCHER_9750;SEASHELLS;410.0;5
104200;;;VOLCANIC_ROCK_VOUCHER_10000;SEASHELLS;176.0;16
104200;;;VOLCANIC_ROCK_VOUCHER_10000;SEASHELLS;176.0;2
104200;;;VOLCANIC_ROCK_VOUCHER_10250;SEASHELLS;39.0;16
104200;;;VOLCANIC_ROCK_VOUCHER_10250;SEASHELLS;39.0;2
104200;;;VOLCANIC_ROCK_VOUCHER_10500;SEASHELLS;4.0;16
104200;;;VOLCANIC_ROCK_VOUCHER_10500;SEASHELLS;4.0;2
104200;;;VOLCANIC_ROCK_VOUCHER_9500;SEASHELLS;656.0;16
104200;;;VOLCANIC_ROCK_VOUCHER_9500;SEASHELLS;656.0;2
104200;;;VOLCANIC_ROCK_VOUCHER_9750;SEASHELLS;407.0;16
104200;;;VOLCANIC_ROCK_VOUCHER_9750;SEASHELLS;407.0;2
104400;;;KELP;SEASHELLS;2049.0;4
104400;;;SQUID_INK;SEASHELLS;1788.0;4
104500;;;DJEMBES;SEASHELLS;13474.0;3
104500;;;KELP;SEASHELLS;2049.0;1
104500;;;SQUID_INK;SEASHELLS;1787.0;1
104600;;;KELP;SEASHELLS;2049.0;1
104600;;;SQUID_INK;SEASHELLS;1787.0;1
104700;;;DJEMBES;SEASHELLS;13474.0;3
104700;;;KELP;SEASHELLS;2049.0;1
104700;;;SQUID_INK;SEASHELLS;1788.0;1
105100;;;CROISSANTS;SEASHELLS;4263.0;6
105200;;;KELP;SEASHELLS;2048.0;1
105200;;;SQUID_INK;SEASHELLS;1789.0;1
105300;;;KELP;SEASHELLS;2049.0;1
105300;;;KELP;SEASHELLS;2050.0;1
105300;;;SQUID_INK;SEASHELLS;1789.0;1
105300;;;SQUID_INK;SEASHELLS;1790.0;1
105400;;;JAMS;SEASHELLS;6544.0;9
105500;;;KELP;SEASHELLS;2051.0;1
105500;;;SQUID_INK;SEASHELLS;1791.0;1
105600;;;RAINFOREST_RESIN;SEASHELLS;10001.0;1
105700;;;DJEMBES;SEASHELLS;13469.0;5
105700;;;KELP;SEASHELLS;2050.0;2
105700;;;RAINFOREST_RESIN;SEASHELLS;9992.0;4
105700;;;SQUID_INK;SEASHELLS;1791.0;2
105900;;;VOLCANIC_ROCK_VOUCHER_10000;SEASHELLS;179.0;16
105900;;;VOLCANIC_ROCK_VOUCHER_10250;SEASHELLS;40.0;16
105900;;;VOLCANIC_ROCK_VOUCHER_9500;SEASHELLS;657.0;16
105900;;;VOLCANIC_ROCK_VOUCHER_9750;SEASHELLS;409.0;16
106000;;;JAMS;SEASHELLS;6545.0;6
106100;;;RAINFOREST_RESIN;SEASHELLS;10001.0;1
106300;;;RAINFOREST_RESIN;SEASHELLS;10008.0;5
106300;;;VOLCANIC_ROCK;SEASHELLS;10155.0;9
106500;;;KELP;SEASHELLS;2051.0;8
106500;;;SQUID_INK;SEASHELLS;1793.0;8
106700;;;VOLCANIC_ROCK;SEASHELLS;10145.0;7
106800;;;KELP;SEASHELLS;2048.0;1
106800;;;KELP;SEASHELLS;2051.0;11
106800;;;SQUID_INK;SEASHELLS;1792.0;1
106800;;;SQUID_INK;SEASHELLS;1795.0;11
106900;;;KELP;SEASHELLS;2048.0;1
106900;;;KELP;SEASHELLS;2048.0;8
106900;;;SQUID_INK;SEASHELLS;1791.0;1
106900;;;SQUID_INK;SEASHELLS;1791.0;8
107000;;;CROISSANTS;SEASHELLS;4264.0;5
107000;;;VOLCANIC_ROCK_VOUCHER_10000;SEASHELLS;172.0;10
107000;;;VOLCANIC_ROCK_VOUCHER_10250;SEASHELLS;37.0;10
107000;;;VOLCANIC_ROCK_VOUCHER_9500;SEASHELLS;648.0;10
107000;;;VOLCANIC_ROCK_VOUCHER_9750;SEASHELLS;399.0;10
107100;;;DJEMBES;SEASHELLS;13473.0;4
107100;;;JAMS;SEASHELLS;6547.0;8
107200;;;MAGNIFICENT_MACARONS;SEASHELLS;593.0;5
107400;;;PICNIC_BASKET2;SEASHELLS;30113.0;2
107500;;;MAGNIFICENT_MACARONS;SEASHELLS;586.0;5
107600;;;KELP;SEASHELLS;2048.0;1
107600;;;SQUID_INK;SEASHELLS;1796.0;1
107800;;;KELP;SEASHELLS;2050.0;1
107800;;;SQUID_INK;SEASHELLS;1796.0;1
107900;;;KELP;SEASHELLS;2050.0;1
107900;;;RAINFOREST_RESIN;SEASHELLS;10008.0;8
107900;;;SQUID_INK;SEASHELLS;1796.0;1
108000;;;RAINFOREST_RESIN;SEASHELLS;9999.0;1
108100;;;CROISSANTS;SEASHELLS;4266.0;7
108400;;;PICNIC_BASKET2;SEASHELLS;30125.0;2
108400;;;VOLCANIC_ROCK_VOUCHER_10000;SEASHELLS;165.0;16
108400;;;VOLCANIC_ROCK_VOUCHER_10250;SEASHELLS;34.0;16
108400;;;VOLCANIC_ROCK_VOUCHER_10500;SEASHELLS;4.0;16
108400;;;VOLCANIC_ROCK_VOUCHER_9500;SEASHELLS;638.0;16
108400;;;VOLCANIC_ROCK_VOUCHER_9750;SEASHELLS;391.0;16
108500;;;DJEMBES;SEASHELLS;13467.0;1
108500;;;MAGNIFICENT_MACARONS;SEASHELLS;589.0;5
108600;;;KELP;SEASHELLS;2050.0;1
108600;;;SQUID_INK;SEASHELLS;1798.0;1
108800;;;RAINFOREST_RESIN;SEASHELLS;9999.0;1
108800;;;RAINFOREST_RESIN;SEASHELLS;10000.0;2
109000;;;DJEMBES;SEASHELLS;13464.0;1
109000;;;KELP;SEASHELLS;2049.0;1
109000;;;SQUID_INK;SEASHELLS;1800.0;1
109100;;;RAINFOREST_RESIN;SEASHELLS;10008.0;2
109200;;;DJEMBES;SEASHELLS;13465.0;1
109200;;;PICNIC_BASKET1;SEASHELLS;58929.0;7
109200;;;PICNIC_BASKET2;SEASHELLS;30122.0;7
109300;;;KELP;SEASHELLS;2052.0;7
109300;;;SQUID_INK;SEASHELLS;1799.0;1
109400;;;CROISSANTS;SEASHELLS;4265.0;6
109400;;;JAMS;SEASHELLS;6545.0;9
109400;;;KELP;SEASHELLS;2051.0;6
109400;;;KELP;SEASHELLS;2051.0;2
109400;;;SQUID_INK;SEASHELLS;1797.0;6
109400;;;SQUID_INK;SEASHELLS;1797.0;2
109600;;;PICNIC_BASKET1;SEASHELLS;58922.0;1
109600;;;PICNIC_BASKET1;SEASHELLS;58922.0;2
109600;;;PICNIC_BASKET2;SEASHELLS;30112.0;3
109900;;;DJEMBES;SEASHELLS;13465.0;2
109900;;;JAMS;SEASHELLS;6546.0;5
109900;;;KELP;SEASHELLS;2051.0;1
109900;;;PICNIC_BASKET1;SEASHELLS;58944.0;5
109900;;;PICNIC_BASKET2;SEASHELLS;30120.0;5
110000;;;CROISSANTS;SEASHELLS;4266.0;7
110000;;;JAMS;SEASHELLS;6546.0;4
110200;;;RAINFOREST_RESIN;SEASHELLS;10002.0;3
110400;;;PICNIC_BASKET1;SEASHELLS;58945.0;6
110400;;;PICNIC_BASKET2;SEASHELLS;30112.0;6
110400;;;VOLCANIC_ROCK;SEASHELLS;10150.0;9
110500;;;RAINFOREST_RESIN;SEASHELLS;10008.0;5
110500;;;VOLCANIC_ROCK;SEASHELLS;10153.0;3
110700;;;CROISSANTS;SEASHELLS;4266.0;6
111000;;;KELP;SEASHELLS;2051.0;15
111000;;;SQUID_INK;SEASHELLS;1795.0;15
111000;;;VOLCANIC_ROCK_VOUCHER_10000;SEASHELLS;176.0;14
111000;;;VOLCANIC_ROCK_VOUCHER_9500;SEASHELLS;652.0;14
111000;;;VOLCANIC_ROCK_VOUCHER_9750;SEASHELLS;404.0;14
111200;;;KELP;SEASHELLS;2048.0;1
111200;;;SQUID_INK;SEASHELLS;1789.0;1
111200;;;SQUID_INK;SEASHELLS;1789.0;2
111400;;;KELP;SEASHELLS;2048.0;1
111400;;;SQUID_INK;SEASHELLS;1790.0;1
111500;;;CROISSANTS;SEASHELLS;4266.0;6
111500;;;RAINFOREST_RESIN;SEASHELLS;9997.0;5
111500;;;RAINFOREST_RESIN;SEASHELLS;9997.0;6
111500;;;VOLCANIC_ROCK;SEASHELLS;10154.0;2
111600;;;MAGNIFICENT_MACARONS;SEASHELLS;571.0;5
111700;;;CROISSANTS;SEASHELLS;4265.0;9
111700;;;PICNIC_BASKET1;SEASHELLS;58931.0;1
111700;;;PICNIC_BASKET2;SEASHELLS;30100.0;1
111800;;;JAMS;SEASHELLS;6545.0;6
111800;;;PICNIC_BASKET1;SEASHELLS;58931.0;5
111800;;;PICNIC_BASKET2;SEASHELLS;30097.0;5
111800;;;RAINFOREST_RESIN;SEASHELLS;9999.0;1
112000;;;VOLCANIC_ROCK_VOUCHER_10000;SEASHELLS;181.0;14
112000;;;VOLCANIC_ROCK_VOUCHER_10000;SEASHELLS;181.0;2
112000;;;VOLCANIC_ROCK_VOUCHER_10250;SEASHELLS;41.0;14
112000;;;VOLCANIC_ROCK_VOUCHER_10250;SEASHELLS;41.0;2
112000;;;VOLCANIC_ROCK_VOUCHER_10500;SEASHELLS;5.0;14
112000;;;VOLCANIC_ROCK_VOUCHER_10500;SEASHELLS;5.0;2
112000;;;VOLCANIC_ROCK_VOUCHER_9750;SEASHELLS;413.0;14
112000;;;VOLCANIC_ROCK_VOUCHER_9750;SEASHELLS;413.0;2
112300;;;KELP;SEASHELLS;2048.0;1
112300;;;SQUID_INK;SEASHELLS;1785.0;1
112400;;;RAINFOREST_RESIN;SEASHELLS;9998.0;4
112500;;;DJEMBES;SEASHELLS;13469.0;3
112600;;;SQUID_INK;SEASHELLS;1783.0;1
112700;;;KELP;SEASHELLS;2050.0;1
112900;;;KELP;SEASHELLS;2048.0;1
112900;;;SQUID_INK;SEASHELLS;1785.0;1
113100;;;JAMS;SEASHELLS;6543.0;4
113200;;;RAINFOREST_RESIN;SEASHELLS;9998.0;3
113600;;;VOLCANIC_ROCK_VOUCHER_10000;SEASHELLS;178.0;12
113600;;;VOLCANIC_ROCK_VOUCHER_10000;SEASHELLS;178.0;2
113600;;;VOLCANIC_ROCK_VOUCHER_10250;SEASHELLS;39.0;12
113600;;;VOLCANIC_ROCK_VOUCHER_10250;SEASHELLS;39.0;2
113600;;;VOLCANIC_ROCK_VOUCHER_10500;SEASHELLS;4.0;12
113600;;;VOLCANIC_ROCK_VOUCHER_10500;SEASHELLS;4.0;2
113600;;;VOLCANIC_ROCK_VOUCHER_9500;SEASHELLS;655.0;2
113600;;;VOLCANIC_ROCK_VOUCHER_9750;SEASHELLS;407.0;12
113600;;;VOLCANIC_ROCK_VOUCHER_9750;SEASHELLS;407.0;2
113900;;;VOLCANIC_ROCK_VOUCHER_10000;SEASHELLS;179.0;7
113900;;;VOLCANIC_ROCK_VOUCHER_10250;SEASHELLS;41.0;7
113900;;;VOLCANIC_ROCK_VOUCHER_10500;SEASHELLS;5.0;7
113900;;;VOLCANIC_ROCK_VOUCHER_9500;SEASHELLS;659.0;7
113900;;;VOLCANIC_ROCK_VOUCHER_9750;SEASHELLS;411.0;7
114100;;;DJEMBES;SEASHELLS;13468.0;1
114100;;;KELP;SEASHELLS;2048.0;5
114100;;;KELP;SEASHELLS;2051.0;1
114100;;;SQUID_INK;SEASHELLS;1777.0;5
114100;;;SQUID_INK;SEASHELLS;1780.0;1
114200;;;KELP;SEASHELLS;2048.0;14
114200;;;RAINFOREST_RESIN;SEASHELLS;10008.0;5
114200;;;SQUID_INK;SEASHELLS;1774.0;14
114300;;;KELP;SEASHELLS;2050.0;1
114300;;;SQUID_INK;SEASHELLS;1774.0;1
114300;;;VOLCANIC_ROCK;SEASHELLS;10156.0;2
114500;;;VOLCANIC_ROCK_VOUCHER_10000;SEASHELLS;176.0;11
114500;;;VOLCANIC_ROCK_VOUCHER_10000;SEASHELLS;176.0;2
114500;;;VOLCANIC_ROCK_VOUCHER_10250;SEASHELLS;39.0;11
114500;;;VOLCANIC_ROCK_VOUCHER_10250;SEASHELLS;39.0;2
114500;;;VOLCANIC_ROCK_VOUCHER_10500;SEASHELLS;4.0;11
114500;;;VOLCANIC_ROCK_VOUCHER_10500;SEASHELLS;4.0;2
114500;;;VOLCANIC_ROCK_VOUCHER_9500;SEASHELLS;655.0;11
114500;;;VOLCANIC_ROCK_VOUCHER_9500;SEASHELLS;655.0;2
114500;;;VOLCANIC_ROCK_VOUCHER_9750;SEASHELLS;407.0;11
114500;;;VOLCANIC_ROCK_VOUCHER_9750;SEASHELLS;407.0;2
114600;;;VOLCANIC_ROCK;SEASHELLS;10156.0;8
114700;;;CROISSANTS;SEASHELLS;4267.0;6
114700;;;RAINFOREST_RESIN;SEASHELLS;9992.0;1
114800;;;DJEMBES;SEASHELLS;13471.0;3
114800;;;KELP;SEASHELLS;2049.0;5
114900;;;DJEMBES;SEASHELLS;13472.0;3
115000;;;KELP;SEASHELLS;2050.0;1
115000;;;KELP;SEASHELLS;2048.0;10
115000;;;RAINFOREST_RESIN;SEASHELLS;9992.0;2
115000;;;SQUID_INK;SEASHELLS;1778.0;1
115000;;;SQUID_INK;SEASHELLS;1776.0;10
115100;;;PICNIC_BASKET1;SEASHELLS;58954.0;2
115100;;;PICNIC_BASKET2;SEASHELLS;30136.0;2
115200;;;SQUID_INK;SEASHELLS;1772.0;15
115400;;;KELP;SEASHELLS;2048.0;5
115400;;;KELP;SEASHELLS;2048.0;5
115400;;;RAINFOREST_RESIN;SEASHELLS;9992.0;1
115400;;;SQUID_INK;SEASHELLS;1772.0;5
115400;;;SQUID_INK;SEASHELLS;1772.0;5
115500;;;JAMS;SEASHELLS;6552.0;4
115500;;;KELP;SEASHELLS;2050.0;1
115500;;;SQUID_INK;SEASHELLS;1773.0;1
115600;;;RAINFOREST_RESIN;SEASHELLS;9999.0;1
115700;;;VOLCANIC_ROCK;SEASHELLS;10157.0;6
116000;;;RAINFOREST_RESIN;SEASHELLS;9999.0;1
116100;;;DJEMBES;SEASHELLS;13475.0;1
116100;;;KELP;SEASHELLS;2048.0;1
116100;;;RAINFOREST_RESIN;SEASHELLS;10003.0;9
116100;;;SQUID_INK;SEASHELLS;1772.0;1
116300;;;RAINFOREST_RESIN;SEASHELLS;10000.0;1
116400;;;DJEMBES;SEASHELLS;13476.0;3
116400;;;VOLCANIC_ROCK;SEASHELLS;10153.0;2
116400;;;VOLCANIC_ROCK_VOUCHER_10000;SEASHELLS;176.0;19
116400;;;VOLCANIC_ROCK_VOUCHER_10000;SEASHELLS;176.0;1
116400;;;VOLCANIC_ROCK_VOUCHER_10250;SEASHELLS;38.0;19
116400;;;VOLCANIC_ROCK_VOUCHER_10250;SEASHELLS;38.0;1
116400;;;VOLCANIC_ROCK_VOUCHER_10500;SEASHELLS;4.0;19
116400;;;VOLCANIC_ROCK_VOUCHER_10500;SEASHELLS;4.0;1
116400;;;VOLCANIC_ROCK_VOUCHER_9500;SEASHELLS;652.0;19
116400;;;VOLCANIC_ROCK_VOUCHER_9500;SEASHELLS;652.0;1
116400;;;VOLCANIC_ROCK_VOUCHER_9750;SEASHELLS;404.0;19
116400;;;VOLCANIC_ROCK_VOUCHER_9750;SEASHELLS;404.0;1
116600;;;KELP;SEASHELLS;2048.0;1
116600;;;SQUID_INK;SEASHELLS;1778.0;1
116900;;;CROISSANTS;SEASHELLS;4265.0;8
116900;;;RAINFOREST_RESIN;SEASHELLS;9992.0;8
117000;;;JAMS;SEASHELLS;6553.0;7
117100;;;KELP;SEASHELLS;2050.0;1
117100;;;SQUID_INK;SEASHELLS;1780.0;1
117300;;;KELP;SEASHELLS;2048.0;1
117300;;;SQUID_INK;SEASHELLS;1777.0;1
117400;;;PICNIC_BASKET1;SEASHELLS;58960.0;2
117400;;;PICNIC_BASKET1;SEASHELLS;58959.0;1
117400;;;PICNIC_BASKET1;SEASHELLS;58969.0;2
117400;;;PICNIC_BASKET2;SEASHELLS;30145.0;3
117400;;;PICNIC_BASKET2;SEASHELLS;30151.0;10
117500;;;KELP;SEASHELLS;2048.0;1
117500;;;SQUID_INK;SEASHELLS;1777.0;1
117700;;;DJEMBES;SEASHELLS;13479.0;2
117700;;;KELP;SEASHELLS;2048.0;9
117700;;;SQUID_INK;SEASHELLS;1776.0;9
117800;;;KELP;SEASHELLS;2050.0;1
117800;;;SQUID_INK;SEASHELLS;1778.0;1
117800;;;VOLCANIC_ROCK;SEASHELLS;10157.0;5
118100;;;KELP;SEASHELLS;2048.0;2
118100;;;SQUID_INK;SEASHELLS;1776.0;4
118100;;;SQUID_INK;SEASHELLS;1776.0;2
118400;;;JAMS;SEASHELLS;6552.0;9
118600;;;PICNIC_BASKET1;SEASHELLS;58974.0;9
118600;;;PICNIC_BASKET2;SEASHELLS;30164.0;9
118800;;;KELP;SEASHELLS;2048.0;1
118800;;;SQUID_INK;SEASHELLS;1781.0;1
119000;;;RAINFOREST_RESIN;SEASHELLS;9992.0;9
119100;;;DJEMBES;SEASHELLS;13476.0;3
119100;;;KELP;SEASHELLS;2051.0;2
119100;;;SQUID_INK;SEASHELLS;1787.0;2
119200;;;DJEMBES;SEASHELLS;13476.0;1
119600;;;MAGNIFICENT_MACARONS;SEASHELLS;572.0;6
119700;;;RAINFOREST_RESIN;SEASHELLS;9998.0;5
119800;;;CROISSANTS;SEASHELLS;4267.0;8
119900;;;JAMS;SEASHELLS;6550.0;10
119900;;;KELP;SEASHELLS;2049.0;2
120000;;;CROISSANTS;SEASHELLS;4267.0;5
120100;;;CROISSANTS;SEASHELLS;4266.0;8
120200;;;VOLCANIC_ROCK;SEASHELLS;10153.0;7
120300;;;CROISSANTS;SEASHELLS;4266.0;7
120300;;;KELP;SEASHELLS;2047.0;1
120300;;;SQUID_INK;SEASHELLS;1784.0;1
120400;;;JAMS;SEASHELLS;6551.0;5
120400;;;RAINFOREST_RESIN;SEASHELLS;9992.0;8
120600;;;RAINFOREST_RESIN;SEASHELLS;10001.0;1
120800;;;RAINFOREST_RESIN;SEASHELLS;10002.0;3
120900;;;CROISSANTS;SEASHELLS;4266.0;10
120900;;;KELP;SEASHELLS;2050.0;1
120900;;;SQUID_INK;SEASHELLS;1790.0;1
121000;;;VOLCANIC_ROCK_VOUCHER_10000;SEASHELLS;174.0;16
121000;;;VOLCANIC_ROCK_VOUCHER_10000;SEASHELLS;174.0;2
121000;;;VOLCANIC_ROCK_VOUCHER_10250;SEASHELLS;38.0;16
121000;;;VOLCANIC_ROCK_VOUCHER_10250;SEASHELLS;38.0;2
121000;;;VOLCANIC_ROCK_VOUCHER_9500;SEASHELLS;650.0;16
121000;;;VOLCANIC_ROCK_VOUCHER_9500;SEASHELLS;650.0;2
121000;;;VOLCANIC_ROCK_VOUCHER_9750;SEASHELLS;403.0;16
121000;;;VOLCANIC_ROCK_VOUCHER_9750;SEASHELLS;403.0;2
121300;;;JAMS;SEASHELLS;6545.0;6
121400;;;KELP;SEASHELLS;2047.0;1
121400;;;SQUID_INK;SEASHELLS;1790.0;1
121500;;;RAINFOREST_RESIN;SEASHELLS;10008.0;5
121600;;;KELP;SEASHELLS;2047.0;1
121600;;;RAINFOREST_RESIN;SEASHELLS;9999.0;1
121700;;;VOLCANIC_ROCK_VOUCHER_10000;SEASHELLS;168.0;11
121700;;;VOLCANIC_ROCK_VOUCHER_10250;SEASHELLS;36.0;11
121700;;;VOLCANIC_ROCK_VOUCHER_10500;SEASHELLS;4.0;11
121700;;;VOLCANIC_ROCK_VOUCHER_9500;SEASHELLS;645.0;11
121700;;;VOLCANIC_ROCK_VOUCHER_9750;SEASHELLS;397.0;11
121900;;;RAINFOREST_RESIN;SEASHELLS;10008.0;5
122200;;;KELP;SEASHELLS;2047.0;1
122200;;;SQUID_INK;SEASHELLS;1785.0;1
122500;;;DJEMBES;SEASHELLS;13462.0;3
122500;;;KELP;SEASHELLS;2047.0;1
122500;;;SQUID_INK;SEASHELLS;1785.0;1
122900;;;CROISSANTS;SEASHELLS;4267.0;6
122900;;;KELP;SEASHELLS;2047.0;1
122900;;;SQUID_INK;SEASHELLS;1783.0;1
123000;;;KELP;SEASHELLS;2051.0;9
123000;;;SQUID_INK;SEASHELLS;1787.0;9
123000;;;SQUID_INK;SEASHELLS;1786.0;1
123000;;;VOLCANIC_ROCK;SEASHELLS;10154.0;6
123100;;;RAINFOREST_RESIN;SEASHELLS;10008.0;2
123200;;;CROISSANTS;SEASHELLS;4266.0;6
123200;;;KELP;SEASHELLS;2049.0;1
123200;;;SQUID_INK;SEASHELLS;1786.0;1
123300;;;RAINFOREST_RESIN;SEASHELLS;10008.0;8
123400;;;DJEMBES;SEASHELLS;13465.0;4
123400;;;JAMS;SEASHELLS;6545.0;9
123400;;;KELP;SEASHELLS;2050.0;11
123400;;;SQUID_INK;SEASHELLS;1788.0;11
123500;;;VOLCANIC_ROCK;SEASHELLS;10161.0;8
123700;;;JAMS;SEASHELLS;6545.0;9
123800;;;KELP;SEASHELLS;2050.0;1
123800;;;KELP;SEASHELLS;2051.0;2
123800;;;SQUID_INK;SEASHELLS;1785.0;6
123800;;;SQUID_INK;SEASHELLS;1785.0;2
124300;;;CROISSANTS;SEASHELLS;4267.0;10
124400;;;JAMS;SEASHELLS;6544.0;9
124400;;;KELP;SEASHELLS;2049.0;1
124400;;;SQUID_INK;SEASHELLS;1782.0;1
125000;;;PICNIC_BASKET1;SEASHELLS;58925.0;2
125000;;;PICNIC_BASKET2;SEASHELLS;30156.0;10
125100;;;KELP;SEASHELLS;2047.0;1
125100;;;KELP;SEASHELLS;2047.0;1
125100;;;SQUID_INK;SEASHELLS;1781.0;1
125100;;;SQUID_INK;SEASHELLS;1781.0;1
125200;;;RAINFOREST_RESIN;SEASHELLS;10001.0;1
125300;;;KELP;SEASHELLS;2047.0;8
125300;;;KELP;SEASHELLS;2047.0;1
125300;;;MAGNIFICENT_MACARONS;SEASHELLS;555.0;5
125300;;;SQUID_INK;SEASHELLS;1782.0;8
125300;;;SQUID_INK;SEASHELLS;1782.0;1
125600;;;DJEMBES;SEASHELLS;13463.0;1
125600;;;RAINFOREST_RESIN;SEASHELLS;9992.0;5
125800;;;KELP;SEASHELLS;2047.0;14
125800;;;RAINFOREST_RESIN;SEASHELLS;9998.0;5
125800;;;SQUID_INK;SEASHELLS;1781.0;14
125900;;;KELP;SEASHELLS;2049.0;2
126000;;;PICNIC_BASKET1;SEASHELLS;58913.0;2
126000;;;PICNIC_BASKET2;SEASHELLS;30159.0;9
126400;;;CROISSANTS;SEASHELLS;4266.0;8
126400;;;KELP;SEASHELLS;2047.0;1
126400;;;RAINFOREST_RESIN;SEASHELLS;10008.0;2
126400;;;SQUID_INK;SEASHELLS;1783.0;1
126500;;;KELP;SEASHELLS;2050.0;1
126500;;;RAINFOREST_RESIN;SEASHELLS;10008.0;1
126600;;;RAINFOREST_RESIN;SEASHELLS;9992.0;2
126700;;;KELP;SEASHELLS;2047.0;1
126700;;;KELP;SEASHELLS;2047.0;1
126700;;;SQUID_INK;SEASHELLS;1783.0;1
126700;;;SQUID_INK;SEASHELLS;1784.0;1
126900;;;DJEMBES;SEASHELLS;13468.0;5
127000;;;KELP;SEASHELLS;2049.0;1
127000;;;SQUID_INK;SEASHELLS;1781.0;2
127000;;;SQUID_INK;SEASHELLS;1781.0;1
127100;;;KELP;SEASHELLS;2049.0;1
127200;;;JAMS;SEASHELLS;6545.0;10
127200;;;VOLCANIC_ROCK_VOUCHER_10000;SEASHELLS;179.0;10
127200;;;VOLCANIC_ROCK_VOUCHER_10250;SEASHELLS;39.0;10
127200;;;VOLCANIC_ROCK_VOUCHER_10500;SEASHELLS;4.0;10
127200;;;VOLCANIC_ROCK_VOUCHER_9500;SEASHELLS;655.0;10
127200;;;VOLCANIC_ROCK_VOUCHER_9750;SEASHELLS;407.0;10
127300;;;CROISSANTS;SEASHELLS;4266.0;10
127300;;;JAMS;SEASHELLS;6545.0;9
127400;;;KELP;SEASHELLS;2047.0;10
127400;;;SQUID_INK;SEASHELLS;1781.0;10
127500;;;VOLCANIC_ROCK;SEASHELLS;10153.0;7
127700;;;CROISSANTS;SEASHELLS;4267.0;8
127700;;;KELP;SEASHELLS;2047.0;1
127700;;;SQUID_INK;SEASHELLS;1780.0;1
127800;;;MAGNIFICENT_MACARONS;SEASHELLS;568.0;5
127800;;;SQUID_INK;SEASHELLS;1779.0;2
127900;;;KELP;SEASHELLS;2047.0;1
127900;;;SQUID_INK;SEASHELLS;1780.0;1
128000;;;KELP;SEASHELLS;2047.0;4
128000;;;KELP;SEASHELLS;2047.0;7
128000;;;KELP;SEASHELLS;2047.0;0
128000;;;KELP;SEASHELLS;2047.0;2
128000;;;SQUID_INK;SEASHELLS;1780.0;4
128000;;;SQUID_INK;SEASHELLS;1780.0;7
128000;;;SQUID_INK;SEASHELLS;1780.0;0
128000;;;SQUID_INK;SEASHELLS;1780.0;2
128100;;;DJEMBES;SEASHELLS;13462.0;2
128100;;;KELP;SEASHELLS;2048.0;1
128100;;;SQUID_INK;SEASHELLS;1778.0;1
128200;;;CROISSANTS;SEASHELLS;4265.0;5
128200;;;KELP;SEASHELLS;2047.0;1
128300;;;JAMS;SEASHELLS;6543.0;5
128500;;;KELP;SEASHELLS;2050.0;10
128500;;;SQUID_INK;SEASHELLS;1777.0;10
128900;;;VOLCANIC_ROCK_VOUCHER_10000;SEASHELLS;176.0;12
128900;;;VOLCANIC_ROCK_VOUCHER_10250;SEASHELLS;39.0;12
128900;;;VOLCANIC_ROCK_VOUCHER_10500;SEASHELLS;4.0;12
128900;;;VOLCANIC_ROCK_VOUCHER_9500;SEASHELLS;653.0;12
128900;;;VOLCANIC_ROCK_VOUCHER_9750;SEASHELLS;406.0;12
129000;;;CROISSANTS;SEASHELLS;4265.0;5
129100;;;KELP;SEASHELLS;2047.0;1
129100;;;SQUID_INK;SEASHELLS;1772.0;1
129100;;;VOLCANIC_ROCK_VOUCHER_10000;SEASHELLS;176.0;15
129100;;;VOLCANIC_ROCK_VOUCHER_10250;SEASHELLS;39.0;15
129100;;;VOLCANIC_ROCK_VOUCHER_10500;SEASHELLS;4.0;15
129100;;;VOLCANIC_ROCK_VOUCHER_9500;SEASHELLS;654.0;15
129100;;;VOLCANIC_ROCK_VOUCHER_9750;SEASHELLS;406.0;15
129200;;;DJEMBES;SEASHELLS;13460.0;4
129200;;;KELP;SEASHELLS;2047.0;1
129200;;;SQUID_INK;SEASHELLS;1773.0;1
129300;;;KELP;SEASHELLS;2047.0;1
129300;;;SQUID_INK;SEASHELLS;1773.0;1
129600;;;KELP;SEASHELLS;2048.0;1
129600;;;KELP;SEASHELLS;2048.0;2
129600;;;RAINFOREST_RESIN;SEASHELLS;10008.0;5
129600;;;SQUID_INK;SEASHELLS;1771.0;1
129600;;;SQUID_INK;SEASHELLS;1771.0;2
129700;;;KELP;SEASHELLS;2047.0;1
129700;;;SQUID_INK;SEASHELLS;1773.0;4
129900;;;CROISSANTS;SEASHELLS;4266.0;5
130000;;;KELP;SEASHELLS;2047.0;2
130000;;;SQUID_INK;SEASHELLS;1775.0;2
130200;;;CROISSANTS;SEASHELLS;4266.0;8
130200;;;RAINFOREST_RESIN;SEASHELLS;10008.0;2
130300;;;CROISSANTS;SEASHELLS;4268.0;8
130400;;;RAINFOREST_RESIN;SEASHELLS;9992.0;1
130400;;;VOLCANIC_ROCK;SEASHELLS;10155.0;9
130400;;;VOLCANIC_ROCK_VOUCHER_10000;SEASHELLS;176.0;12
130400;;;VOLCANIC_ROCK_VOUCHER_10250;SEASHELLS;39.0;12
130400;;;VOLCANIC_ROCK_VOUCHER_10500;SEASHELLS;4.0;12
130400;;;VOLCANIC_ROCK_VOUCHER_9500;SEASHELLS;654.0;12
130400;;;VOLCANIC_ROCK_VOUCHER_9750;SEASHELLS;406.0;12
130500;;;CROISSANTS;SEASHELLS;4267.0;7
130500;;;DJEMBES;SEASHELLS;13462.0;4
130500;;;JAMS;SEASHELLS;6535.0;5
130500;;;VOLCANIC_ROCK_VOUCHER_10000;SEASHELLS;175.0;13
130500;;;VOLCANIC_ROCK_VOUCHER_10250;SEASHELLS;39.0;13
130500;;;VOLCANIC_ROCK_VOUCHER_10500;SEASHELLS;4.0;13
130500;;;VOLCANIC_ROCK_VOUCHER_9500;SEASHELLS;653.0;13
130500;;;VOLCANIC_ROCK_VOUCHER_9750;SEASHELLS;405.0;13
130700;;;RAINFOREST_RESIN;SEASHELLS;9992.0;1
131000;;;RAINFOREST_RESIN;SEASHELLS;10008.0;1
131100;;;PICNIC_BASKET1;SEASHELLS;58884.0;2
131100;;;PICNIC_BASKET1;SEASHELLS;58883.0;1
131100;;;PICNIC_BASKET2;SEASHELLS;30131.0;2
131300;;;DJEMBES;SEASHELLS;13456.0;2
131400;;;CROISSANTS;SEASHELLS;4267.0;5
131500;;;DJEMBES;SEASHELLS;13457.0;1
131600;;;KELP;SEASHELLS;2048.0;2
131600;;;SQUID_INK;SEASHELLS;1776.0;2
131900;;;KELP;SEASHELLS;2048.0;1
131900;;;MAGNIFICENT_MACARONS;SEASHELLS;577.0;4
131900;;;RAINFOREST_RESIN;SEASHELLS;9999.0;1
131900;;;SQUID_INK;SEASHELLS;1775.0;1
131900;;;VOLCANIC_ROCK_VOUCHER_10000;SEASHELLS;175.0;11
131900;;;VOLCANIC_ROCK_VOUCHER_10250;SEASHELLS;38.0;11
131900;;;VOLCANIC_ROCK_VOUCHER_10500;SEASHELLS;4.0;11
131900;;;VOLCANIC_ROCK_VOUCHER_9500;SEASHELLS;650.0;11
131900;;;VOLCANIC_ROCK_VOUCHER_9750;SEASHELLS;402.0;11
132000;;;VOLCANIC_ROCK_VOUCHER_10000;SEASHELLS;174.0;5
132000;;;VOLCANIC_ROCK_VOUCHER_10250;SEASHELLS;38.0;5
132000;;;VOLCANIC_ROCK_VOUCHER_10500;SEASHELLS;4.0;5
132000;;;VOLCANIC_ROCK_VOUCHER_9500;SEASHELLS;650.0;5
132000;;;VOLCANIC_ROCK_VOUCHER_9750;SEASHELLS;403.0;5
132100;;;DJEMBES;SEASHELLS;13449.0;3
132100;;;KELP;SEASHELLS;2046.0;1
132100;;;SQUID_INK;SEASHELLS;1775.0;1
132200;;;CROISSANTS;SEASHELLS;4265.0;10
132500;;;KELP;SEASHELLS;2047.0;2
132500;;;RAINFOREST_RESIN;SEASHELLS;9992.0;2
132600;;;KELP;SEASHELLS;2049.0;2
132600;;;SQUID_INK;SEASHELLS;1778.0;2
132600;;;VOLCANIC_ROCK;SEASHELLS;10147.0;5
132700;;;RAINFOREST_RESIN;SEASHELLS;10003.0;10
132700;;;VOLCANIC_ROCK;SEASHELLS;10151.0;10
132900;;;KELP;SEASHELLS;2047.0;1
132900;;;SQUID_INK;SEASHELLS;1777.0;1
133000;;;JAMS;SEASHELLS;6536.0;8
133100;;;JAMS;SEASHELLS;6536.0;5
133200;;;VOLCANIC_ROCK_VOUCHER_10000;SEASHELLS;176.0;13
133200;;;VOLCANIC_ROCK_VOUCHER_10000;SEASHELLS;176.0;1
133200;;;VOLCANIC_ROCK_VOUCHER_10250;SEASHELLS;38.0;13
133200;;;VOLCANIC_ROCK_VOUCHER_10250;SEASHELLS;38.0;1
133200;;;VOLCANIC_ROCK_VOUCHER_10500;SEASHELLS;4.0;13
133200;;;VOLCANIC_ROCK_VOUCHER_10500;SEASHELLS;4.0;1
133200;;;VOLCANIC_ROCK_VOUCHER_9500;SEASHELLS;652.0;1
133200;;;VOLCANIC_ROCK_VOUCHER_9750;SEASHELLS;404.0;13
133200;;;VOLCANIC_ROCK_VOUCHER_9750;SEASHELLS;404.0;1
133300;;;PICNIC_BASKET1;SEASHELLS;58881.0;8
133300;;;PICNIC_BASKET2;SEASHELLS;30150.0;8
133700;;;VOLCANIC_ROCK;SEASHELLS;10166.0;8
133800;;;RAINFOREST_RESIN;SEASHELLS;10008.0;5
134000;;;JAMS;SEASHELLS;6537.0;7
134200;;;VOLCANIC_ROCK_VOUCHER_10000;SEASHELLS;189.0;13
134200;;;VOLCANIC_ROCK_VOUCHER_10000;SEASHELLS;189.0;2
134200;;;VOLCANIC_ROCK_VOUCHER_10250;SEASHELLS;43.0;13
134200;;;VOLCANIC_ROCK_VOUCHER_10250;SEASHELLS;43.0;2
134200;;;VOLCANIC_ROCK_VOUCHER_10500;SEASHELLS;5.0;13
134200;;;VOLCANIC_ROCK_VOUCHER_10500;SEASHELLS;5.0;2
134200;;;VOLCANIC_ROCK_VOUCHER_9500;SEASHELLS;667.0;13
134200;;;VOLCANIC_ROCK_VOUCHER_9500;SEASHELLS;667.0;2
134200;;;VOLCANIC_ROCK_VOUCHER_9750;SEASHELLS;419.0;13
134200;;;VOLCANIC_ROCK_VOUCHER_9750;SEASHELLS;419.0;2
134300;;;PICNIC_BASKET1;SEASHELLS;58878.0;10
134300;;;PICNIC_BASKET2;SEASHELLS;30140.0;10
134500;;;DJEMBES;SEASHELLS;13447.0;4
134600;;;CROISSANTS;SEASHELLS;4268.0;8
134700;;;RAINFOREST_RESIN;SEASHELLS;10001.0;1
134800;;;CROISSANTS;SEASHELLS;4268.0;5
134800;;;DJEMBES;SEASHELLS;13447.0;2
134800;;;JAMS;SEASHELLS;6531.0;10
134800;;;KELP;SEASHELLS;2049.0;1
134800;;;RAINFOREST_RESIN;SEASHELLS;10008.0;5
134800;;;SQUID_INK;SEASHELLS;1778.0;1
135000;;;DJEMBES;SEASHELLS;13445.0;2
135000;;;KELP;SEASHELLS;2049.0;1
135000;;;RAINFOREST_RESIN;SEASHELLS;9992.0;7
135000;;;RAINFOREST_RESIN;SEASHELLS;9998.0;5
135000;;;SQUID_INK;SEASHELLS;1778.0;1
135000;;;VOLCANIC_ROCK_VOUCHER_10000;SEASHELLS;186.0;11
135000;;;VOLCANIC_ROCK_VOUCHER_10250;SEASHELLS;42.0;11
135000;;;VOLCANIC_ROCK_VOUCHER_10500;SEASHELLS;5.0;11
135000;;;VOLCANIC_ROCK_VOUCHER_9500;SEASHELLS;666.0;11
135000;;;VOLCANIC_ROCK_VOUCHER_9750;SEASHELLS;419.0;11
135400;;;KELP;SEASHELLS;2048.0;5
135400;;;MAGNIFICENT_MACARONS;SEASHELLS;580.0;5
135400;;;VOLCANIC_ROCK;SEASHELLS;10164.0;7
135500;;;JAMS;SEASHELLS;6534.0;6
135700;;;RAINFOREST_RESIN;SEASHELLS;9992.0;2
135800;;;JAMS;SEASHELLS;6534.0;12
135800;;;JAMS;SEASHELLS;6534.0;9
136500;;;JAMS;SEASHELLS;6532.0;9
136500;;;KELP;SEASHELLS;2047.0;1
136500;;;MAGNIFICENT_MACARONS;SEASHELLS;580.0;4
136500;;;SQUID_INK;SEASHELLS;1778.0;1
136600;;;CROISSANTS;SEASHELLS;4267.0;7
136600;;;KELP;SEASHELLS;2048.0;2
136600;;;SQUID_INK;SEASHELLS;1776.0;2
136700;;;DJEMBES;SEASHELLS;13447.0;5
136700;;;VOLCANIC_ROCK;SEASHELLS;10159.0;2
136700;;;VOLCANIC_ROCK_VOUCHER_10000;SEASHELLS;180.0;17
136700;;;VOLCANIC_ROCK_VOUCHER_10250;SEASHELLS;41.0;17
136700;;;VOLCANIC_ROCK_VOUCHER_10500;SEASHELLS;5.0;17
136700;;;VOLCANIC_ROCK_VOUCHER_9750;SEASHELLS;413.0;17
136800;;;KELP;SEASHELLS;2047.0;1
136800;;;MAGNIFICENT_MACARONS;SEASHELLS;578.0;7
136800;;;SQUID_INK;SEASHELLS;1776.0;1
136900;;;PICNIC_BASKET1;SEASHELLS;58860.0;2
136900;;;PICNIC_BASKET1;SEASHELLS;58859.0;6
136900;;;PICNIC_BASKET2;SEASHELLS;30125.0;8
137000;;;CROISSANTS;SEASHELLS;4267.0;4
137000;;;PICNIC_BASKET1;SEASHELLS;58854.0;6
137000;;;PICNIC_BASKET2;SEASHELLS;30120.0;6
137100;;;JAMS;SEASHELLS;6533.0;6
137200;;;MAGNIFICENT_MACARONS;SEASHELLS;584.0;3
137300;;;KELP;SEASHELLS;2047.0;10
137300;;;KELP;SEASHELLS;2050.0;13
137300;;;SQUID_INK;SEASHELLS;1776.0;10
137300;;;VOLCANIC_ROCK;SEASHELLS;10163.0;1
137500;;;DJEMBES;SEASHELLS;13433.0;2
137600;;;KELP;SEASHELLS;2049.0;1
137600;;;SQUID_INK;SEASHELLS;1778.0;1
137700;;;KELP;SEASHELLS;2047.0;12
137700;;;SQUID_INK;SEASHELLS;1777.0;12
138000;;;PICNIC_BASKET1;SEASHELLS;58851.0;2
138000;;;PICNIC_BASKET1;SEASHELLS;58851.0;5
138000;;;PICNIC_BASKET2;SEASHELLS;30125.0;7
138000;;;RAINFOREST_RESIN;SEASHELLS;9992.0;1
138100;;;MAGNIFICENT_MACARONS;SEASHELLS;570.0;6
138100;;;PICNIC_BASKET1;SEASHELLS;58854.0;3
138100;;;PICNIC_BASKET2;SEASHELLS;30127.0;3
138200;;;CROISSANTS;SEASHELLS;4268.0;8
138300;;;CROISSANTS;SEASHELLS;4267.0;6
138400;;;JAMS;SEASHELLS;6533.0;5
138700;;;KELP;SEASHELLS;2047.0;5
138700;;;SQUID_INK;SEASHELLS;1777.0;5
138800;;;KELP;SEASHELLS;2049.0;1
138800;;;SQUID_INK;SEASHELLS;1780.0;1
139100;;;VOLCANIC_ROCK;SEASHELLS;10167.0;6
139300;;;CROISSANTS;SEASHELLS;4267.0;5
139300;;;RAINFOREST_RESIN;SEASHELLS;10008.0;8
139500;;;JAMS;SEASHELLS;6535.0;5
139600;;;JAMS;SEASHELLS;6537.0;9
139700;;;VOLCANIC_ROCK_VOUCHER_10000;SEASHELLS;189.0;12
139700;;;VOLCANIC_ROCK_VOUCHER_10000;SEASHELLS;189.0;1
139700;;;VOLCANIC_ROCK_VOUCHER_10250;SEASHELLS;43.0;12
139700;;;VOLCANIC_ROCK_VOUCHER_10250;SEASHELLS;43.0;1
139700;;;VOLCANIC_ROCK_VOUCHER_10500;SEASHELLS;5.0;12
