timestamp;buyer;seller;symbol;currency;price;quantity
0;;;CROISSANTS;SEASHELLS;4241.0;8
0;;;JAMS;SEASHELLS;6522.0;6
100;;;SQUID_INK;SEASHELLS;1818.0;7
200;;;DJEMBES;SEASHELLS;13298.0;2
300;;;JAMS;SEASHELLS;6523.0;10
400;;;CROISSANTS;SEASHELLS;4242.0;5
800;;;CROISSANTS;SEASHELLS;4242.0;5
800;;;KELP;SEASHELLS;2040.0;1
800;;;KELP;SEASHELLS;2040.0;1
800;;;SQUID_INK;SEASHELLS;1813.0;1
800;;;SQUID_INK;SEASHELLS;1813.0;1
900;;;JAMS;SEASHELLS;6523.0;9
1000;;;PICNIC_BASKET2;SEASHELLS;30064.0;7
1000;;;RAINFOREST_RESIN;SEASHELLS;9998.0;3
1100;;;JAMS;SEASHELLS;6523.0;5
1200;;;VOLCANIC_ROCK_VOUCHER_10000;SEASHELLS;182.0;15
1200;;;VOLCANIC_ROCK_VOUCHER_10250;SEASHELLS;37.0;15
1200;;;VOLCANIC_ROCK_VOUCHER_10500;SEASHELLS;3.0;15
1200;;;VOLCANIC_ROCK_VOUCHER_9500;SEASHELLS;669.0;15
1200;;;VOLCANIC_ROCK_VOUCHER_9750;SEASHELLS;420.0;15
1300;;;KELP;SEASHELLS;2040.0;1
1300;;;KELP;SEASHELLS;2039.0;2
1300;;;RAINFOREST_RESIN;SEASHELLS;10001.0;1
1300;;;SQUID_INK;SEASHELLS;1819.0;1
1300;;;SQUID_INK;SEASHELLS;1819.0;2
1400;;;KELP;SEASHELLS;2040.0;2
1400;;;RAINFOREST_RESIN;SEASHELLS;10002.0;4
1400;;;SQUID_INK;SEASHELLS;1820.0;2
1500;;;KELP;SEASHELLS;2040.0;1
1500;;;SQUID_INK;SEASHELLS;1820.0;1
1700;;;RAINFOREST_RESIN;SEASHELLS;10002.0;4
1700;;;VOLCANIC_ROCK;SEASHELLS;10171.0;2
1800;;;KELP;SEASHELLS;2041.0;3
1800;;;KELP;SEASHELLS;2041.0;2
1800;;;SQUID_INK;SEASHELLS;1822.0;3
1800;;;SQUID_INK;SEASHELLS;1822.0;2
2000;;;JAMS;SEASHELLS;6519.0;4
2100;;;PICNIC_BASKET1;SEASHELLS;58401.0;9
2100;;;PICNIC_BASKET2;SEASHELLS;30051.0;9
2100;;;VOLCANIC_ROCK_VOUCHER_10000;SEASHELLS;190.0;13
2100;;;VOLCANIC_ROCK_VOUCHER_9500;SEASHELLS;676.0;13
2100;;;VOLCANIC_ROCK_VOUCHER_9750;SEASHELLS;427.0;13
2300;;;CROISSANTS;SEASHELLS;4241.0;10
2300;;;RAINFOREST_RESIN;SEASHELLS;10003.0;7
2400;;;RAINFOREST_RESIN;SEASHELLS;10008.0;1
2500;;;DJEMBES;SEASHELLS;13299.0;5
2500;;;JAMS;SEASHELLS;6516.0;9
2500;;;RAINFOREST_RESIN;SEASHELLS;9992.0;2
2600;;;KELP;SEASHELLS;2040.0;1
2600;;;KELP;SEASHELLS;2040.0;6
2600;;;KELP;SEASHELLS;2040.0;1
2600;;;SQUID_INK;SEASHELLS;1822.0;1
2600;;;SQUID_INK;SEASHELLS;1822.0;6
2600;;;SQUID_INK;SEASHELLS;1822.0;1
2600;;;VOLCANIC_ROCK;SEASHELLS;10167.0;5
2700;;;JAMS;SEASHELLS;6516.0;5
2700;;;JAMS;SEASHELLS;6518.0;9
3000;;;KELP;SEASHELLS;2040.0;1
3000;;;SQUID_INK;SEASHELLS;1823.0;1
3300;;;DJEMBES;SEASHELLS;13300.0;4
3700;;;KELP;SEASHELLS;2040.0;1
3700;;;SQUID_INK;SEASHELLS;1828.0;1
3800;;;KELP;SEASHELLS;2043.0;2
3800;;;SQUID_INK;SEASHELLS;1832.0;2
3900;;;KELP;SEASHELLS;2042.0;1
3900;;;SQUID_INK;SEASHELLS;1831.0;1
4100;;;KELP;SEASHELLS;2041.0;3
4100;;;SQUID_INK;SEASHELLS;1832.0;3
4100;;;VOLCANIC_ROCK_VOUCHER_10000;SEASHELLS;180.0;10
4100;;;VOLCANIC_ROCK_VOUCHER_10000;SEASHELLS;180.0;2
4100;;;VOLCANIC_ROCK_VOUCHER_10250;SEASHELLS;35.0;10
4100;;;VOLCANIC_ROCK_VOUCHER_10250;SEASHELLS;35.0;2
4100;;;VOLCANIC_ROCK_VOUCHER_10500;SEASHELLS;3.0;10
4100;;;VOLCANIC_ROCK_VOUCHER_10500;SEASHELLS;3.0;2
4100;;;VOLCANIC_ROCK_VOUCHER_9500;SEASHELLS;662.0;10
4100;;;VOLCANIC_ROCK_VOUCHER_9500;SEASHELLS;662.0;2
4100;;;VOLCANIC_ROCK_VOUCHER_9750;SEASHELLS;413.0;10
4100;;;VOLCANIC_ROCK_VOUCHER_9750;SEASHELLS;413.0;2
4200;;;MAGNIFICENT_MACARONS;SEASHELLS;651.0;4
4300;;;KELP;SEASHELLS;2039.0;4
4300;;;KELP;SEASHELLS;2039.0;1
4300;;;SQUID_INK;SEASHELLS;1833.0;4
4300;;;SQUID_INK;SEASHELLS;1833.0;1
4500;;;KELP;SEASHELLS;2039.0;1
4500;;;SQUID_INK;SEASHELLS;1834.0;1
4600;;;CROISSANTS;SEASHELLS;4239.0;8
4600;;;RAINFOREST_RESIN;SEASHELLS;10008.0;8
4700;;;JAMS;SEASHELLS;6515.0;6
4900;;;CROISSANTS;SEASHELLS;4238.0;5
5000;;;RAINFOREST_RESIN;SEASHELLS;10002.0;4
5100;;;KELP;SEASHELLS;2039.0;8
5100;;;RAINFOREST_RESIN;SEASHELLS;10000.0;2
5100;;;SQUID_INK;SEASHELLS;1835.0;8
5200;;;RAINFOREST_RESIN;SEASHELLS;9998.0;3
5300;;;KELP;SEASHELLS;2039.0;7
5300;;;RAINFOREST_RESIN;SEASHELLS;9992.0;7
5300;;;SQUID_INK;SEASHELLS;1836.0;7
5700;;;KELP;SEASHELLS;2039.0;2
5700;;;SQUID_INK;SEASHELLS;1838.0;2
5800;;;RAINFOREST_RESIN;SEASHELLS;9992.0;6
5900;;;VOLCANIC_ROCK;SEASHELLS;10157.0;5
6000;;;RAINFOREST_RESIN;SEASHELLS;9992.0;4
6100;;;CROISSANTS;SEASHELLS;4239.0;7
6200;;;MAGNIFICENT_MACARONS;SEASHELLS;643.0;5
6300;;;KELP;SEASHELLS;2039.0;2
6300;;;KELP;SEASHELLS;2038.0;1
6300;;;KELP;SEASHELLS;2039.0;8
6300;;;RAINFOREST_RESIN;SEASHELLS;10008.0;4
6300;;;SQUID_INK;SEASHELLS;1836.0;10
6300;;;SQUID_INK;SEASHELLS;1836.0;1
6400;;;KELP;SEASHELLS;2039.0;1
6400;;;SQUID_INK;SEASHELLS;1837.0;1
6600;;;CROISSANTS;SEASHELLS;4239.0;8
6700;;;DJEMBES;SEASHELLS;13298.0;4
6700;;;RAINFOREST_RESIN;SEASHELLS;9998.0;3
6900;;;CROISSANTS;SEASHELLS;4239.0;7
6900;;;RAINFOREST_RESIN;SEASHELLS;10008.0;1
7200;;;CROISSANTS;SEASHELLS;4238.0;4
7300;;;RAINFOREST_RESIN;SEASHELLS;10002.0;4
7500;;;KELP;SEASHELLS;2039.0;5
7500;;;VOLCANIC_ROCK;SEASHELLS;10163.0;6
7700;;;KELP;SEASHELLS;2040.0;1
7700;;;SQUID_INK;SEASHELLS;1842.0;1
7800;;;DJEMBES;SEASHELLS;13290.0;4
7800;;;RAINFOREST_RESIN;SEASHELLS;10002.0;5
8000;;;KELP;SEASHELLS;2040.0;1
8000;;;KELP;SEASHELLS;2041.0;2
8000;;;SQUID_INK;SEASHELLS;1841.0;1
8000;;;SQUID_INK;SEASHELLS;1842.0;2
8100;;;KELP;SEASHELLS;2038.0;1
8100;;;SQUID_INK;SEASHELLS;1838.0;1
8200;;;RAINFOREST_RESIN;SEASHELLS;10008.0;2
8600;;;DJEMBES;SEASHELLS;13295.0;2
8700;;;RAINFOREST_RESIN;SEASHELLS;9992.0;2
8800;;;JAMS;SEASHELLS;6512.0;4
8800;;;RAINFOREST_RESIN;SEASHELLS;9997.0;4
8800;;;RAINFOREST_RESIN;SEASHELLS;9992.0;1
9100;;;CROISSANTS;SEASHELLS;4239.0;5
9100;;;KELP;SEASHELLS;2038.0;1
9100;;;RAINFOREST_RESIN;SEASHELLS;10002.0;1
9100;;;SQUID_INK;SEASHELLS;1840.0;1
9400;;;VOLCANIC_ROCK_VOUCHER_10000;SEASHELLS;178.0;19
9400;;;VOLCANIC_ROCK_VOUCHER_10000;SEASHELLS;178.0;1
9400;;;VOLCANIC_ROCK_VOUCHER_10250;SEASHELLS;35.0;19
9400;;;VOLCANIC_ROCK_VOUCHER_10250;SEASHELLS;35.0;1
9400;;;VOLCANIC_ROCK_VOUCHER_10500;SEASHELLS;3.0;19
9400;;;VOLCANIC_ROCK_VOUCHER_10500;SEASHELLS;3.0;1
9400;;;VOLCANIC_ROCK_VOUCHER_9500;SEASHELLS;663.0;19
9400;;;VOLCANIC_ROCK_VOUCHER_9500;SEASHELLS;663.0;1
9400;;;VOLCANIC_ROCK_VOUCHER_9750;SEASHELLS;414.0;19
9400;;;VOLCANIC_ROCK_VOUCHER_9750;SEASHELLS;414.0;1
9500;;;CROISSANTS;SEASHELLS;4239.0;6
9600;;;KELP;SEASHELLS;2037.0;1
9600;;;KELP;SEASHELLS;2038.0;3
9600;;;RAINFOREST_RESIN;SEASHELLS;9999.0;1
9600;;;SQUID_INK;SEASHELLS;1841.0;1
9600;;;SQUID_INK;SEASHELLS;1842.0;3
9700;;;KELP;SEASHELLS;2037.0;1
9800;;;RAINFOREST_RESIN;SEASHELLS;9998.0;3
9900;;;DJEMBES;SEASHELLS;13295.0;1
10000;;;CROISSANTS;SEASHELLS;4239.0;5
10000;;;VOLCANIC_ROCK_VOUCHER_10000;SEASHELLS;180.0;11
10000;;;VOLCANIC_ROCK_VOUCHER_10250;SEASHELLS;35.0;11
10000;;;VOLCANIC_ROCK_VOUCHER_10500;SEASHELLS;3.0;11
10000;;;VOLCANIC_ROCK_VOUCHER_9500;SEASHELLS;662.0;11
10000;;;VOLCANIC_ROCK_VOUCHER_9750;SEASHELLS;413.0;11
10200;;;VOLCANIC_ROCK_VOUCHER_10000;SEASHELLS;181.0;14
10200;;;VOLCANIC_ROCK_VOUCHER_10250;SEASHELLS;35.0;14
10200;;;VOLCANIC_ROCK_VOUCHER_10500;SEASHELLS;3.0;14
10200;;;VOLCANIC_ROCK_VOUCHER_9500;SEASHELLS;662.0;14
10200;;;VOLCANIC_ROCK_VOUCHER_9750;SEASHELLS;414.0;14
10300;;;RAINFOREST_RESIN;SEASHELLS;9992.0;2
10800;;;KELP;SEASHELLS;2039.0;1
10800;;;RAINFOREST_RESIN;SEASHELLS;10008.0;8
10800;;;SQUID_INK;SEASHELLS;1847.0;1
10800;;;SQUID_INK;SEASHELLS;1847.0;11
10900;;;KELP;SEASHELLS;2037.0;2
11300;;;RAINFOREST_RESIN;SEASHELLS;10008.0;1
11400;;;KELP;SEASHELLS;2038.0;1
11400;;;KELP;SEASHELLS;2037.0;2
11400;;;SQUID_INK;SEASHELLS;1847.0;1
11400;;;SQUID_INK;SEASHELLS;1846.0;2
11500;;;CROISSANTS;SEASHELLS;4238.0;8
11500;;;VOLCANIC_ROCK;SEASHELLS;10164.0;8
11600;;;JAMS;SEASHELLS;6515.0;8
11800;;;KELP;SEASHELLS;2036.0;1
11800;;;SQUID_INK;SEASHELLS;1846.0;1
11800;;;VOLCANIC_ROCK_VOUCHER_10000;SEASHELLS;175.0;10
11800;;;VOLCANIC_ROCK_VOUCHER_10250;SEASHELLS;34.0;10
11800;;;VOLCANIC_ROCK_VOUCHER_9500;SEASHELLS;659.0;10
11800;;;VOLCANIC_ROCK_VOUCHER_9750;SEASHELLS;410.0;10
11900;;;CROISSANTS;SEASHELLS;4238.0;8
12000;;;JAMS;SEASHELLS;6514.0;7
12000;;;KELP;SEASHELLS;2037.0;1
12000;;;SQUID_INK;SEASHELLS;1847.0;1
12100;;;CROISSANTS;SEASHELLS;4238.0;8
12100;;;DJEMBES;SEASHELLS;13301.0;1
12200;;;KELP;SEASHELLS;2040.0;2
12200;;;PICNIC_BASKET1;SEASHELLS;58356.0;8
12200;;;PICNIC_BASKET2;SEASHELLS;30084.0;8
12200;;;SQUID_INK;SEASHELLS;1849.0;2
12300;;;KELP;SEASHELLS;2039.0;1
12300;;;SQUID_INK;SEASHELLS;1848.0;1
12400;;;KELP;SEASHELLS;2039.0;1
12400;;;SQUID_INK;SEASHELLS;1849.0;1
12500;;;KELP;SEASHELLS;2039.0;3
12600;;;PICNIC_BASKET1;SEASHELLS;58348.0;1
12700;;;KELP;SEASHELLS;2037.0;1
12800;;;KELP;SEASHELLS;2039.0;2
12800;;;SQUID_INK;SEASHELLS;1848.0;2
12800;;;VOLCANIC_ROCK_VOUCHER_10000;SEASHELLS;138.0;11
12800;;;VOLCANIC_ROCK_VOUCHER_10250;SEASHELLS;22.0;11
12800;;;VOLCANIC_ROCK_VOUCHER_10500;SEASHELLS;2.0;11
12800;;;VOLCANIC_ROCK_VOUCHER_9500;SEASHELLS;613.0;11
12800;;;VOLCANIC_ROCK_VOUCHER_9750;SEASHELLS;364.0;11
12900;;;PICNIC_BASKET1;SEASHELLS;58343.0;2
12900;;;PICNIC_BASKET2;SEASHELLS;30075.0;2
12900;;;VOLCANIC_ROCK;SEASHELLS;10114.0;10
13000;;;DJEMBES;SEASHELLS;13301.0;5
13200;;;RAINFOREST_RESIN;SEASHELLS;9998.0;1
13300;;;KELP;SEASHELLS;2038.0;1
13300;;;SQUID_INK;SEASHELLS;1852.0;1
13300;;;VOLCANIC_ROCK;SEASHELLS;10114.0;3
13400;;;KELP;SEASHELLS;2038.0;1
13400;;;SQUID_INK;SEASHELLS;1853.0;1
13500;;;MAGNIFICENT_MACARONS;SEASHELLS;626.0;6
13700;;;KELP;SEASHELLS;2040.0;1
13700;;;VOLCANIC_ROCK_VOUCHER_10000;SEASHELLS;147.0;11
13700;;;VOLCANIC_ROCK_VOUCHER_9500;SEASHELLS;621.0;11
13700;;;VOLCANIC_ROCK_VOUCHER_9750;SEASHELLS;373.0;11
13800;;;DJEMBES;SEASHELLS;13300.0;10
13800;;;RAINFOREST_RESIN;SEASHELLS;10002.0;5
14200;;;DJEMBES;SEASHELLS;13302.0;2
14200;;;RAINFOREST_RESIN;SEASHELLS;10003.0;6
14300;;;VOLCANIC_ROCK_VOUCHER_10000;SEASHELLS;153.0;16
14300;;;VOLCANIC_ROCK_VOUCHER_10000;SEASHELLS;153.0;1
14300;;;VOLCANIC_ROCK_VOUCHER_10250;SEASHELLS;26.0;16
14300;;;VOLCANIC_ROCK_VOUCHER_10250;SEASHELLS;26.0;1
14300;;;VOLCANIC_ROCK_VOUCHER_10500;SEASHELLS;2.0;16
14300;;;VOLCANIC_ROCK_VOUCHER_10500;SEASHELLS;2.0;1
14300;;;VOLCANIC_ROCK_VOUCHER_9500;SEASHELLS;629.0;16
14300;;;VOLCANIC_ROCK_VOUCHER_9500;SEASHELLS;629.0;1
14300;;;VOLCANIC_ROCK_VOUCHER_9750;SEASHELLS;382.0;16
14300;;;VOLCANIC_ROCK_VOUCHER_9750;SEASHELLS;382.0;1
14400;;;DJEMBES;SEASHELLS;13301.0;2
14500;;;JAMS;SEASHELLS;6515.0;3
14600;;;VOLCANIC_ROCK;SEASHELLS;10127.0;6
14600;;;VOLCANIC_ROCK_VOUCHER_10000;SEASHELLS;151.0;12
14600;;;VOLCANIC_ROCK_VOUCHER_10250;SEASHELLS;25.0;12
14600;;;VOLCANIC_ROCK_VOUCHER_10500;SEASHELLS;2.0;12
14600;;;VOLCANIC_ROCK_VOUCHER_9500;SEASHELLS;627.0;12
14600;;;VOLCANIC_ROCK_VOUCHER_9750;SEASHELLS;379.0;12
14700;;;CROISSANTS;SEASHELLS;4238.0;5
14700;;;KELP;SEASHELLS;2039.0;2
14700;;;SQUID_INK;SEASHELLS;1853.0;2
14900;;;CROISSANTS;SEASHELLS;4238.0;5
15000;;;KELP;SEASHELLS;2039.0;1
15000;;;MAGNIFICENT_MACARONS;SEASHELLS;620.0;5
15000;;;PICNIC_BASKET1;SEASHELLS;58335.0;1
15000;;;PICNIC_BASKET1;SEASHELLS;58335.0;4
15000;;;PICNIC_BASKET2;SEASHELLS;30076.0;1
15000;;;PICNIC_BASKET2;SEASHELLS;30076.0;4
15000;;;SQUID_INK;SEASHELLS;1852.0;1
15200;;;SQUID_INK;SEASHELLS;1853.0;2
15300;;;PICNIC_BASKET1;SEASHELLS;58325.0;2
15300;;;PICNIC_BASKET1;SEASHELLS;58325.0;4
15300;;;SQUID_INK;SEASHELLS;1852.0;1
15500;;;KELP;SEASHELLS;2039.0;10
15500;;;SQUID_INK;SEASHELLS;1849.0;10
15600;;;MAGNIFICENT_MACARONS;SEASHELLS;614.0;4
15600;;;PICNIC_BASKET1;SEASHELLS;58324.0;1
15700;;;CROISSANTS;SEASHELLS;4236.0;9
15800;;;RAINFOREST_RESIN;SEASHELLS;9999.0;1
15800;;;VOLCANIC_ROCK_VOUCHER_10000;SEASHELLS;155.0;6
15800;;;VOLCANIC_ROCK_VOUCHER_10250;SEASHELLS;26.0;6
15800;;;VOLCANIC_ROCK_VOUCHER_10500;SEASHELLS;2.0;6
15800;;;VOLCANIC_ROCK_VOUCHER_9500;SEASHELLS;632.0;6
15800;;;VOLCANIC_ROCK_VOUCHER_9750;SEASHELLS;384.0;6
15900;;;KELP;SEASHELLS;2041.0;1
15900;;;SQUID_INK;SEASHELLS;1856.0;1
16000;;;KELP;SEASHELLS;2039.0;9
16000;;;SQUID_INK;SEASHELLS;1854.0;9
16100;;;JAMS;SEASHELLS;6514.0;9
16200;;;KELP;SEASHELLS;2039.0;1
16200;;;SQUID_INK;SEASHELLS;1850.0;1
16300;;;KELP;SEASHELLS;2040.0;2
16300;;;SQUID_INK;SEASHELLS;1849.0;2
16400;;;PICNIC_BASKET1;SEASHELLS;58319.0;1
16400;;;PICNIC_BASKET2;SEASHELLS;30062.0;6
16500;;;RAINFOREST_RESIN;SEASHELLS;9999.0;1
16800;;;KELP;SEASHELLS;2041.0;4
16800;;;MAGNIFICENT_MACARONS;SEASHELLS;630.0;7
16900;;;CROISSANTS;SEASHELLS;4236.0;6
17000;;;DJEMBES;SEASHELLS;13307.0;2
17100;;;KELP;SEASHELLS;2042.0;2
17100;;;SQUID_INK;SEASHELLS;1849.0;2
17300;;;JAMS;SEASHELLS;6514.0;11
17300;;;RAINFOREST_RESIN;SEASHELLS;10001.0;1
17600;;;CROISSANTS;SEASHELLS;4238.0;6
17600;;;VOLCANIC_ROCK_VOUCHER_10000;SEASHELLS;158.0;16
17600;;;VOLCANIC_ROCK_VOUCHER_10000;SEASHELLS;158.0;2
17600;;;VOLCANIC_ROCK_VOUCHER_10250;SEASHELLS;28.0;16
17600;;;VOLCANIC_ROCK_VOUCHER_10250;SEASHELLS;28.0;2
17600;;;VOLCANIC_ROCK_VOUCHER_10500;SEASHELLS;2.0;16
17600;;;VOLCANIC_ROCK_VOUCHER_10500;SEASHELLS;2.0;2
17600;;;VOLCANIC_ROCK_VOUCHER_9500;SEASHELLS;639.0;16
17600;;;VOLCANIC_ROCK_VOUCHER_9500;SEASHELLS;639.0;2
17600;;;VOLCANIC_ROCK_VOUCHER_9750;SEASHELLS;390.0;16
17600;;;VOLCANIC_ROCK_VOUCHER_9750;SEASHELLS;390.0;2
17700;;;JAMS;SEASHELLS;6514.0;8
17900;;;CROISSANTS;SEASHELLS;4237.0;8
17900;;;KELP;SEASHELLS;2040.0;3
17900;;;KELP;SEASHELLS;2040.0;1
17900;;;KELP;SEASHELLS;2038.0;1
17900;;;SQUID_INK;SEASHELLS;1846.0;3
17900;;;SQUID_INK;SEASHELLS;1846.0;1
17900;;;SQUID_INK;SEASHELLS;1844.0;1
18000;;;JAMS;SEASHELLS;6512.0;8
18300;;;JAMS;SEASHELLS;6512.0;8
18300;;;KELP;SEASHELLS;2040.0;1
18300;;;SQUID_INK;SEASHELLS;1847.0;1
18400;;;DJEMBES;SEASHELLS;13303.0;7
18500;;;RAINFOREST_RESIN;SEASHELLS;9992.0;4
18700;;;RAINFOREST_RESIN;SEASHELLS;10001.0;1
19100;;;CROISSANTS;SEASHELLS;4235.0;5
19100;;;JAMS;SEASHELLS;6515.0;5
19200;;;JAMS;SEASHELLS;6514.0;3
19500;;;SQUID_INK;SEASHELLS;1837.0;1
19700;;;RAINFOREST_RESIN;SEASHELLS;10008.0;5
19700;;;RAINFOREST_RESIN;SEASHELLS;10001.0;1
19700;;;VOLCANIC_ROCK_VOUCHER_10000;SEASHELLS;159.0;11
19700;;;VOLCANIC_ROCK_VOUCHER_10250;SEASHELLS;27.0;11
19700;;;VOLCANIC_ROCK_VOUCHER_10500;SEASHELLS;2.0;11
19700;;;VOLCANIC_ROCK_VOUCHER_9500;SEASHELLS;636.0;11
19700;;;VOLCANIC_ROCK_VOUCHER_9750;SEASHELLS;388.0;11
20200;;;RAINFOREST_RESIN;SEASHELLS;10001.0;1
20500;;;JAMS;SEASHELLS;6514.0;10
20600;;;KELP;SEASHELLS;2036.0;1
20600;;;SQUID_INK;SEASHELLS;1835.0;1
20700;;;JAMS;SEASHELLS;6515.0;6
20700;;;RAINFOREST_RESIN;SEASHELLS;9992.0;2
20800;;;CROISSANTS;SEASHELLS;4236.0;5
20900;;;CROISSANTS;SEASHELLS;4236.0;6
20900;;;KELP;SEASHELLS;2037.0;1
20900;;;SQUID_INK;SEASHELLS;1839.0;11
21000;;;RAINFOREST_RESIN;SEASHELLS;9992.0;2
21100;;;KELP;SEASHELLS;2037.0;5
21100;;;SQUID_INK;SEASHELLS;1840.0;5
21300;;;JAMS;SEASHELLS;6513.0;5
21500;;;KELP;SEASHELLS;2037.0;1
21500;;;RAINFOREST_RESIN;SEASHELLS;10008.0;2
21500;;;SQUID_INK;SEASHELLS;1842.0;1
21800;;;DJEMBES;SEASHELLS;13305.0;5
22000;;;KELP;SEASHELLS;2041.0;15
22000;;;SQUID_INK;SEASHELLS;1845.0;15
22100;;;RAINFOREST_RESIN;SEASHELLS;9997.0;7
22200;;;KELP;SEASHELLS;2041.0;8
22200;;;MAGNIFICENT_MACARONS;SEASHELLS;639.0;5
22200;;;SQUID_INK;SEASHELLS;1846.0;8
22200;;;VOLCANIC_ROCK;SEASHELLS;10140.0;6
22300;;;CROISSANTS;SEASHELLS;4236.0;10
22400;;;KELP;SEASHELLS;2040.0;6
22400;;;KELP;SEASHELLS;2040.0;6
22400;;;SQUID_INK;SEASHELLS;1845.0;6
22400;;;SQUID_INK;SEASHELLS;1845.0;6
22500;;;PICNIC_BASKET1;SEASHELLS;58296.0;6
22500;;;PICNIC_BASKET2;SEASHELLS;30055.0;6
22600;;;KELP;SEASHELLS;2041.0;10
22600;;;SQUID_INK;SEASHELLS;1846.0;10
22700;;;KELP;SEASHELLS;2040.0;1
22700;;;SQUID_INK;SEASHELLS;1847.0;1
22700;;;VOLCANIC_ROCK_VOUCHER_10000;SEASHELLS;163.0;12
22700;;;VOLCANIC_ROCK_VOUCHER_10250;SEASHELLS;29.0;12
22700;;;VOLCANIC_ROCK_VOUCHER_10500;SEASHELLS;2.0;12
22700;;;VOLCANIC_ROCK_VOUCHER_9500;SEASHELLS;642.0;12
22700;;;VOLCANIC_ROCK_VOUCHER_9750;SEASHELLS;393.0;12
22800;;;VOLCANIC_ROCK;SEASHELLS;10141.0;3
22900;;;JAMS;SEASHELLS;6512.0;9
22900;;;VOLCANIC_ROCK_VOUCHER_10000;SEASHELLS;162.0;7
22900;;;VOLCANIC_ROCK_VOUCHER_10250;SEASHELLS;29.0;7
22900;;;VOLCANIC_ROCK_VOUCHER_10500;SEASHELLS;2.0;7
22900;;;VOLCANIC_ROCK_VOUCHER_9500;SEASHELLS;641.0;7
22900;;;VOLCANIC_ROCK_VOUCHER_9750;SEASHELLS;392.0;7
23000;;;PICNIC_BASKET1;SEASHELLS;58295.0;1
23000;;;PICNIC_BASKET2;SEASHELLS;30059.0;6
23000;;;VOLCANIC_ROCK_VOUCHER_10000;SEASHELLS;161.0;13
23000;;;VOLCANIC_ROCK_VOUCHER_10000;SEASHELLS;161.0;1
23000;;;VOLCANIC_ROCK_VOUCHER_10250;SEASHELLS;29.0;13
23000;;;VOLCANIC_ROCK_VOUCHER_10250;SEASHELLS;29.0;1
23000;;;VOLCANIC_ROCK_VOUCHER_10500;SEASHELLS;2.0;13
23000;;;VOLCANIC_ROCK_VOUCHER_10500;SEASHELLS;2.0;1
23000;;;VOLCANIC_ROCK_VOUCHER_9500;SEASHELLS;641.0;13
23000;;;VOLCANIC_ROCK_VOUCHER_9500;SEASHELLS;641.0;1
23000;;;VOLCANIC_ROCK_VOUCHER_9750;SEASHELLS;393.0;13
23000;;;VOLCANIC_ROCK_VOUCHER_9750;SEASHELLS;393.0;1
23200;;;CROISSANTS;SEASHELLS;4236.0;7
23400;;;CROISSANTS;SEASHELLS;4235.0;8
23500;;;CROISSANTS;SEASHELLS;4235.0;8
23500;;;DJEMBES;SEASHELLS;13301.0;4
23600;;;KELP;SEASHELLS;2038.0;1
23600;;;RAINFOREST_RESIN;SEASHELLS;10008.0;1
23700;;;CROISSANTS;SEASHELLS;4235.0;8
23700;;;DJEMBES;SEASHELLS;13303.0;3
23800;;;KELP;SEASHELLS;2041.0;14
23800;;;SQUID_INK;SEASHELLS;1849.0;14
23900;;;JAMS;SEASHELLS;6510.0;6
24200;;;JAMS;SEASHELLS;6512.0;5
24300;;;RAINFOREST_RESIN;SEASHELLS;9997.0;7
24400;;;KELP;SEASHELLS;2040.0;1
24400;;;SQUID_INK;SEASHELLS;1851.0;1
24400;;;VOLCANIC_ROCK_VOUCHER_10000;SEASHELLS;164.0;16
24400;;;VOLCANIC_ROCK_VOUCHER_10250;SEASHELLS;29.0;16
24400;;;VOLCANIC_ROCK_VOUCHER_10500;SEASHELLS;2.0;16
24400;;;VOLCANIC_ROCK_VOUCHER_9500;SEASHELLS;642.0;16
24400;;;VOLCANIC_ROCK_VOUCHER_9750;SEASHELLS;394.0;16
24500;;;KELP;SEASHELLS;2037.0;1
24500;;;RAINFOREST_RESIN;SEASHELLS;10008.0;2
24500;;;SQUID_INK;SEASHELLS;1848.0;1
24600;;;KELP;SEASHELLS;2040.0;1
24600;;;RAINFOREST_RESIN;SEASHELLS;10002.0;4
24600;;;SQUID_INK;SEASHELLS;1849.0;1
24700;;;CROISSANTS;SEASHELLS;4236.0;6
24700;;;RAINFOREST_RESIN;SEASHELLS;10002.0;4
24900;;;RAINFOREST_RESIN;SEASHELLS;10001.0;1
25000;;;RAINFOREST_RESIN;SEASHELLS;10008.0;5
25200;;;KELP;SEASHELLS;2038.0;5
25200;;;RAINFOREST_RESIN;SEASHELLS;9998.0;5
25200;;;SQUID_INK;SEASHELLS;1850.0;5
25300;;;CROISSANTS;SEASHELLS;4237.0;5
25300;;;JAMS;SEASHELLS;6511.0;8
25500;;;JAMS;SEASHELLS;6513.0;4
25500;;;KELP;SEASHELLS;2038.0;1
25500;;;SQUID_INK;SEASHELLS;1849.0;1
25500;;;VOLCANIC_ROCK;SEASHELLS;10147.0;10
25600;;;CROISSANTS;SEASHELLS;4237.0;8
25800;;;KELP;SEASHELLS;2041.0;1
25800;;;SQUID_INK;SEASHELLS;1853.0;1
25900;;;KELP;SEASHELLS;2041.0;2
25900;;;KELP;SEASHELLS;2040.0;1
25900;;;SQUID_INK;SEASHELLS;1852.0;2
25900;;;SQUID_INK;SEASHELLS;1851.0;1
26000;;;KELP;SEASHELLS;2038.0;1
26000;;;KELP;SEASHELLS;2041.0;1
26000;;;SQUID_INK;SEASHELLS;1848.0;1
26000;;;SQUID_INK;SEASHELLS;1851.0;1
26200;;;JAMS;SEASHELLS;6512.0;12
26500;;;JAMS;SEASHELLS;6512.0;6
26500;;;RAINFOREST_RESIN;SEASHELLS;10008.0;6
26600;;;VOLCANIC_ROCK_VOUCHER_10000;SEASHELLS;158.0;12
26600;;;VOLCANIC_ROCK_VOUCHER_10000;SEASHELLS;158.0;1
26600;;;VOLCANIC_ROCK_VOUCHER_10250;SEASHELLS;28.0;12
26600;;;VOLCANIC_ROCK_VOUCHER_10250;SEASHELLS;28.0;1
26600;;;VOLCANIC_ROCK_VOUCHER_10500;SEASHELLS;2.0;12
26600;;;VOLCANIC_ROCK_VOUCHER_10500;SEASHELLS;2.0;1
26600;;;VOLCANIC_ROCK_VOUCHER_9500;SEASHELLS;637.0;12
26600;;;VOLCANIC_ROCK_VOUCHER_9500;SEASHELLS;637.0;1
26600;;;VOLCANIC_ROCK_VOUCHER_9750;SEASHELLS;389.0;12
26600;;;VOLCANIC_ROCK_VOUCHER_9750;SEASHELLS;389.0;1
26700;;;KELP;SEASHELLS;2038.0;1
26700;;;KELP;SEASHELLS;2038.0;14
26700;;;PICNIC_BASKET1;SEASHELLS;58279.0;1
26700;;;PICNIC_BASKET2;SEASHELLS;30051.0;1
26700;;;SQUID_INK;SEASHELLS;1848.0;1
26700;;;SQUID_INK;SEASHELLS;1848.0;14
26800;;;JAMS;SEASHELLS;6514.0;7
27000;;;VOLCANIC_ROCK_VOUCHER_10000;SEASHELLS;158.0;7
27000;;;VOLCANIC_ROCK_VOUCHER_10250;SEASHELLS;28.0;7
27000;;;VOLCANIC_ROCK_VOUCHER_10500;SEASHELLS;2.0;7
27000;;;VOLCANIC_ROCK_VOUCHER_9500;SEASHELLS;637.0;7
27000;;;VOLCANIC_ROCK_VOUCHER_9750;SEASHELLS;389.0;7
27200;;;KELP;SEASHELLS;2038.0;6
27200;;;KELP;SEASHELLS;2038.0;6
27200;;;PICNIC_BASKET1;SEASHELLS;58299.0;2
27200;;;RAINFOREST_RESIN;SEASHELLS;10008.0;2
27200;;;SQUID_INK;SEASHELLS;1842.0;6
27200;;;SQUID_INK;SEASHELLS;1842.0;6
27300;;;JAMS;SEASHELLS;6516.0;8
27300;;;VOLCANIC_ROCK;SEASHELLS;10140.0;2
27500;;;JAMS;SEASHELLS;6515.0;4
27500;;;RAINFOREST_RESIN;SEASHELLS;9992.0;1
27700;;;VOLCANIC_ROCK_VOUCHER_10000;SEASHELLS;161.0;13
27700;;;VOLCANIC_ROCK_VOUCHER_10250;SEASHELLS;29.0;13
27700;;;VOLCANIC_ROCK_VOUCHER_10500;SEASHELLS;2.0;13
27700;;;VOLCANIC_ROCK_VOUCHER_9500;SEASHELLS;644.0;13
27700;;;VOLCANIC_ROCK_VOUCHER_9750;SEASHELLS;396.0;13
28000;;;KELP;SEASHELLS;2038.0;1
28000;;;KELP;SEASHELLS;2039.0;8
28000;;;SQUID_INK;SEASHELLS;1840.0;1
28000;;;SQUID_INK;SEASHELLS;1840.0;8
28100;;;KELP;SEASHELLS;2041.0;1
28100;;;SQUID_INK;SEASHELLS;1844.0;1
28300;;;MAGNIFICENT_MACARONS;SEASHELLS;636.0;5
28400;;;VOLCANIC_ROCK_VOUCHER_10000;SEASHELLS;168.0;11
28400;;;VOLCANIC_ROCK_VOUCHER_10000;SEASHELLS;168.0;3
28400;;;VOLCANIC_ROCK_VOUCHER_10000;SEASHELLS;168.0;1
28400;;;VOLCANIC_ROCK_VOUCHER_10250;SEASHELLS;32.0;11
28400;;;VOLCANIC_ROCK_VOUCHER_10250;SEASHELLS;32.0;3
28400;;;VOLCANIC_ROCK_VOUCHER_10250;SEASHELLS;32.0;1
28400;;;VOLCANIC_ROCK_VOUCHER_10500;SEASHELLS;3.0;11
28400;;;VOLCANIC_ROCK_VOUCHER_9500;SEASHELLS;652.0;14
28400;;;VOLCANIC_ROCK_VOUCHER_9500;SEASHELLS;652.0;1
28400;;;VOLCANIC_ROCK_VOUCHER_9750;SEASHELLS;404.0;11
28400;;;VOLCANIC_ROCK_VOUCHER_9750;SEASHELLS;404.0;3
28400;;;VOLCANIC_ROCK_VOUCHER_9750;SEASHELLS;404.0;1
28600;;;DJEMBES;SEASHELLS;13302.0;3
28600;;;KELP;SEASHELLS;2038.0;1
28600;;;KELP;SEASHELLS;2038.0;1
28600;;;SQUID_INK;SEASHELLS;1841.0;1
29100;;;CROISSANTS;SEASHELLS;4236.0;8
29200;;;JAMS;SEASHELLS;6516.0;6
29300;;;PICNIC_BASKET1;SEASHELLS;58287.0;5
29300;;;PICNIC_BASKET2;SEASHELLS;30062.0;5
29400;;;PICNIC_BASKET1;SEASHELLS;58299.0;2
29400;;;RAINFOREST_RESIN;SEASHELLS;10008.0;2
29400;;;VOLCANIC_ROCK;SEASHELLS;10159.0;7
29600;;;DJEMBES;SEASHELLS;13298.0;2
29600;;;KELP;SEASHELLS;2038.0;3
29600;;;SQUID_INK;SEASHELLS;1842.0;3
29700;;;KELP;SEASHELLS;2038.0;3
29700;;;RAINFOREST_RESIN;SEASHELLS;10001.0;1
29700;;;SQUID_INK;SEASHELLS;1843.0;3
29700;;;VOLCANIC_ROCK_VOUCHER_10000;SEASHELLS;175.0;14
29700;;;VOLCANIC_ROCK_VOUCHER_10250;SEASHELLS;32.0;14
29700;;;VOLCANIC_ROCK_VOUCHER_10500;SEASHELLS;3.0;14
29700;;;VOLCANIC_ROCK_VOUCHER_9500;SEASHELLS;655.0;14
29700;;;VOLCANIC_ROCK_VOUCHER_9750;SEASHELLS;406.0;14
29900;;;VOLCANIC_ROCK_VOUCHER_10000;SEASHELLS;178.0;8
29900;;;VOLCANIC_ROCK_VOUCHER_10250;SEASHELLS;33.0;8
29900;;;VOLCANIC_ROCK_VOUCHER_10500;SEASHELLS;3.0;8
29900;;;VOLCANIC_ROCK_VOUCHER_9500;SEASHELLS;657.0;8
29900;;;VOLCANIC_ROCK_VOUCHER_9750;SEASHELLS;408.0;8
30200;;;KELP;SEASHELLS;2036.0;2
30200;;;MAGNIFICENT_MACARONS;SEASHELLS;627.0;6
30200;;;SQUID_INK;SEASHELLS;1842.0;2
30400;;;CROISSANTS;SEASHELLS;4237.0;5
30400;;;JAMS;SEASHELLS;6518.0;9
30400;;;KELP;SEASHELLS;2037.0;15
30400;;;SQUID_INK;SEASHELLS;1841.0;15
30500;;;KELP;SEASHELLS;2037.0;1
30500;;;SQUID_INK;SEASHELLS;1841.0;1
30500;;;SQUID_INK;SEASHELLS;1844.0;2
30600;;;DJEMBES;SEASHELLS;13293.0;2
30600;;;VOLCANIC_ROCK;SEASHELLS;10148.0;8
30700;;;RAINFOREST_RESIN;SEASHELLS;10003.0;2
30800;;;KELP;SEASHELLS;2038.0;1
30800;;;SQUID_INK;SEASHELLS;1845.0;1
30800;;;VOLCANIC_ROCK_VOUCHER_10000;SEASHELLS;169.0;16
30800;;;VOLCANIC_ROCK_VOUCHER_10000;SEASHELLS;169.0;1
30800;;;VOLCANIC_ROCK_VOUCHER_9500;SEASHELLS;650.0;16
30800;;;VOLCANIC_ROCK_VOUCHER_9500;SEASHELLS;650.0;1
30800;;;VOLCANIC_ROCK_VOUCHER_9750;SEASHELLS;401.0;16
30800;;;VOLCANIC_ROCK_VOUCHER_9750;SEASHELLS;401.0;1
30900;;;DJEMBES;SEASHELLS;13294.0;5
30900;;;JAMS;SEASHELLS;6515.0;10
31000;;;DJEMBES;SEASHELLS;13292.0;1
31100;;;KELP;SEASHELLS;2036.0;1
31100;;;SQUID_INK;SEASHELLS;1842.0;1
31200;;;VOLCANIC_ROCK_VOUCHER_10000;SEASHELLS;164.0;17
31200;;;VOLCANIC_ROCK_VOUCHER_10000;SEASHELLS;164.0;2
31200;;;VOLCANIC_ROCK_VOUCHER_10250;SEASHELLS;29.0;17
31200;;;VOLCANIC_ROCK_VOUCHER_10250;SEASHELLS;29.0;2
31200;;;VOLCANIC_ROCK_VOUCHER_10500;SEASHELLS;2.0;17
31200;;;VOLCANIC_ROCK_VOUCHER_10500;SEASHELLS;2.0;2
31200;;;VOLCANIC_ROCK_VOUCHER_9500;SEASHELLS;643.0;17
31200;;;VOLCANIC_ROCK_VOUCHER_9500;SEASHELLS;643.0;2
31200;;;VOLCANIC_ROCK_VOUCHER_9750;SEASHELLS;395.0;17
31200;;;VOLCANIC_ROCK_VOUCHER_9750;SEASHELLS;395.0;2
31400;;;DJEMBES;SEASHELLS;13293.0;1
31400;;;KELP;SEASHELLS;2036.0;1
31400;;;RAINFOREST_RESIN;SEASHELLS;10001.0;1
31400;;;SQUID_INK;SEASHELLS;1845.0;1
31500;;;KELP;SEASHELLS;2038.0;1
31500;;;SQUID_INK;SEASHELLS;1847.0;1
31500;;;VOLCANIC_ROCK_VOUCHER_10000;SEASHELLS;158.0;6
31500;;;VOLCANIC_ROCK_VOUCHER_10250;SEASHELLS;28.0;6
31500;;;VOLCANIC_ROCK_VOUCHER_10500;SEASHELLS;2.0;6
31500;;;VOLCANIC_ROCK_VOUCHER_9500;SEASHELLS;638.0;6
31500;;;VOLCANIC_ROCK_VOUCHER_9750;SEASHELLS;389.0;6
31600;;;VOLCANIC_ROCK;SEASHELLS;10143.0;5
31900;;;KELP;SEASHELLS;2039.0;1
31900;;;SQUID_INK;SEASHELLS;1850.0;1
32000;;;VOLCANIC_ROCK;SEASHELLS;10138.0;5
32200;;;KELP;SEASHELLS;2039.0;1
32200;;;SQUID_INK;SEASHELLS;1849.0;1
32300;;;DJEMBES;SEASHELLS;13293.0;2
32300;;;KELP;SEASHELLS;2038.0;3
32300;;;SQUID_INK;SEASHELLS;1848.0;3
32400;;;KELP;SEASHELLS;2037.0;1
32400;;;MAGNIFICENT_MACARONS;SEASHELLS;635.0;2
32400;;;SQUID_INK;SEASHELLS;1846.0;1
32600;;;KELP;SEASHELLS;2037.0;1
32600;;;RAINFOREST_RESIN;SEASHELLS;9998.0;1
32600;;;RAINFOREST_RESIN;SEASHELLS;9998.0;3
32600;;;SQUID_INK;SEASHELLS;1846.0;1
32700;;;CROISSANTS;SEASHELLS;4236.0;10
32700;;;RAINFOREST_RESIN;SEASHELLS;9992.0;4
32800;;;PICNIC_BASKET1;SEASHELLS;58309.0;4
32800;;;PICNIC_BASKET2;SEASHELLS;30071.0;4
32900;;;KELP;SEASHELLS;2039.0;1
32900;;;SQUID_INK;SEASHELLS;1846.0;1
33000;;;KELP;SEASHELLS;2038.0;2
33000;;;SQUID_INK;SEASHELLS;1844.0;2
33200;;;KELP;SEASHELLS;2039.0;1
33200;;;SQUID_INK;SEASHELLS;1845.0;1
33300;;;JAMS;SEASHELLS;6514.0;4
33300;;;RAINFOREST_RESIN;SEASHELLS;9992.0;5
33300;;;VOLCANIC_ROCK;SEASHELLS;10134.0;1
33400;;;JAMS;SEASHELLS;6513.0;4
33600;;;CROISSANTS;SEASHELLS;4236.0;7
33600;;;DJEMBES;SEASHELLS;13293.0;1
33800;;;DJEMBES;SEASHELLS;13292.0;2
33900;;;CROISSANTS;SEASHELLS;4236.0;5
34000;;;RAINFOREST_RESIN;SEASHELLS;10003.0;1
34300;;;KELP;SEASHELLS;2037.0;1
34300;;;KELP;SEASHELLS;2038.0;1
34300;;;RAINFOREST_RESIN;SEASHELLS;10008.0;10
34300;;;SQUID_INK;SEASHELLS;1839.0;1
34300;;;SQUID_INK;SEASHELLS;1839.0;1
34300;;;SQUID_INK;SEASHELLS;1840.0;5
34300;;;VOLCANIC_ROCK;SEASHELLS;10133.0;3
34300;;;VOLCANIC_ROCK_VOUCHER_10000;SEASHELLS;153.0;14
34300;;;VOLCANIC_ROCK_VOUCHER_10250;SEASHELLS;27.0;14
34300;;;VOLCANIC_ROCK_VOUCHER_9500;SEASHELLS;632.0;14
34300;;;VOLCANIC_ROCK_VOUCHER_9750;SEASHELLS;384.0;14
34400;;;DJEMBES;SEASHELLS;13293.0;4
34400;;;JAMS;SEASHELLS;6514.0;5
34400;;;JAMS;SEASHELLS;6514.0;4
34600;;;CROISSANTS;SEASHELLS;4236.0;5
34800;;;CROISSANTS;SEASHELLS;4236.0;8
34800;;;JAMS;SEASHELLS;6514.0;11
34900;;;KELP;SEASHELLS;2037.0;2
34900;;;SQUID_INK;SEASHELLS;1836.0;13
35100;;;DJEMBES;SEASHELLS;13293.0;1
35100;;;KELP;SEASHELLS;2037.0;2
35100;;;PICNIC_BASKET1;SEASHELLS;58296.0;6
35100;;;PICNIC_BASKET2;SEASHELLS;30064.0;6
35100;;;SQUID_INK;SEASHELLS;1835.0;2
35400;;;KELP;SEASHELLS;2037.0;4
35400;;;KELP;SEASHELLS;2037.0;2
35400;;;SQUID_INK;SEASHELLS;1836.0;4
35400;;;SQUID_INK;SEASHELLS;1836.0;2
35400;;;VOLCANIC_ROCK_VOUCHER_10000;SEASHELLS;148.0;13
35400;;;VOLCANIC_ROCK_VOUCHER_10250;SEASHELLS;25.0;13
35400;;;VOLCANIC_ROCK_VOUCHER_10500;SEASHELLS;2.0;13
35400;;;VOLCANIC_ROCK_VOUCHER_9500;SEASHELLS;627.0;13
35400;;;VOLCANIC_ROCK_VOUCHER_9750;SEASHELLS;378.0;13
35800;;;KELP;SEASHELLS;2038.0;1
35800;;;SQUID_INK;SEASHELLS;1839.0;1
35800;;;VOLCANIC_ROCK_VOUCHER_10000;SEASHELLS;160.0;14
35800;;;VOLCANIC_ROCK_VOUCHER_10250;SEASHELLS;27.0;14
35800;;;VOLCANIC_ROCK_VOUCHER_10500;SEASHELLS;2.0;14
35800;;;VOLCANIC_ROCK_VOUCHER_9500;SEASHELLS;634.0;14
35800;;;VOLCANIC_ROCK_VOUCHER_9750;SEASHELLS;385.0;14
35900;;;RAINFOREST_RESIN;SEASHELLS;9992.0;2
36000;;;KELP;SEASHELLS;2037.0;2
36000;;;SQUID_INK;SEASHELLS;1837.0;2
36200;;;VOLCANIC_ROCK_VOUCHER_10000;SEASHELLS;150.0;16
36200;;;VOLCANIC_ROCK_VOUCHER_10000;SEASHELLS;150.0;2
36200;;;VOLCANIC_ROCK_VOUCHER_10250;SEASHELLS;26.0;16
36200;;;VOLCANIC_ROCK_VOUCHER_10250;SEASHELLS;26.0;2
36200;;;VOLCANIC_ROCK_VOUCHER_9500;SEASHELLS;629.0;16
36200;;;VOLCANIC_ROCK_VOUCHER_9500;SEASHELLS;629.0;2
36200;;;VOLCANIC_ROCK_VOUCHER_9750;SEASHELLS;380.0;16
36200;;;VOLCANIC_ROCK_VOUCHER_9750;SEASHELLS;380.0;2
36400;;;VOLCANIC_ROCK;SEASHELLS;10126.0;1
36600;;;KELP;SEASHELLS;2037.0;3
36600;;;SQUID_INK;SEASHELLS;1837.0;3
36800;;;JAMS;SEASHELLS;6513.0;4
36800;;;RAINFOREST_RESIN;SEASHELLS;10008.0;6
36900;;;RAINFOREST_RESIN;SEASHELLS;9998.0;4
36900;;;VOLCANIC_ROCK_VOUCHER_10000;SEASHELLS;156.0;6
36900;;;VOLCANIC_ROCK_VOUCHER_10250;SEASHELLS;26.0;6
36900;;;VOLCANIC_ROCK_VOUCHER_10500;SEASHELLS;2.0;6
36900;;;VOLCANIC_ROCK_VOUCHER_9500;SEASHELLS;632.0;6
36900;;;VOLCANIC_ROCK_VOUCHER_9750;SEASHELLS;383.0;6
37000;;;DJEMBES;SEASHELLS;13292.0;5
37100;;;PICNIC_BASKET1;SEASHELLS;58272.0;2
37100;;;PICNIC_BASKET2;SEASHELLS;30061.0;8
37100;;;SQUID_INK;SEASHELLS;1838.0;1
37400;;;JAMS;SEASHELLS;6515.0;4
37400;;;VOLCANIC_ROCK_VOUCHER_10000;SEASHELLS;149.0;6
37400;;;VOLCANIC_ROCK_VOUCHER_10250;SEASHELLS;25.0;6
37400;;;VOLCANIC_ROCK_VOUCHER_10500;SEASHELLS;2.0;6
37400;;;VOLCANIC_ROCK_VOUCHER_9500;SEASHELLS;628.0;6
37400;;;VOLCANIC_ROCK_VOUCHER_9750;SEASHELLS;380.0;6
37500;;;RAINFOREST_RESIN;SEASHELLS;10008.0;5
37500;;;VOLCANIC_ROCK;SEASHELLS;10126.0;10
37600;;;JAMS;SEASHELLS;6515.0;6
37600;;;VOLCANIC_ROCK_VOUCHER_10000;SEASHELLS;156.0;15
37600;;;VOLCANIC_ROCK_VOUCHER_10000;SEASHELLS;156.0;4
37600;;;VOLCANIC_ROCK_VOUCHER_10250;SEASHELLS;26.0;15
37600;;;VOLCANIC_ROCK_VOUCHER_10250;SEASHELLS;26.0;4
37600;;;VOLCANIC_ROCK_VOUCHER_10500;SEASHELLS;2.0;15
37600;;;VOLCANIC_ROCK_VOUCHER_10500;SEASHELLS;2.0;4
37600;;;VOLCANIC_ROCK_VOUCHER_9500;SEASHELLS;630.0;15
37600;;;VOLCANIC_ROCK_VOUCHER_9500;SEASHELLS;630.0;4
37600;;;VOLCANIC_ROCK_VOUCHER_9750;SEASHELLS;382.0;15
37600;;;VOLCANIC_ROCK_VOUCHER_9750;SEASHELLS;382.0;4
37800;;;DJEMBES;SEASHELLS;13291.0;2
37800;;;SQUID_INK;SEASHELLS;1838.0;1
37900;;;RAINFOREST_RESIN;SEASHELLS;9992.0;1
37900;;;SQUID_INK;SEASHELLS;1837.0;1
38000;;;CROISSANTS;SEASHELLS;4237.0;7
38200;;;VOLCANIC_ROCK;SEASHELLS;10137.0;9
38400;;;DJEMBES;SEASHELLS;13290.0;4
38400;;;KELP;SEASHELLS;2040.0;14
38400;;;SQUID_INK;SEASHELLS;1839.0;14
38400;;;VOLCANIC_ROCK;SEASHELLS;10140.0;5
38500;;;RAINFOREST_RESIN;SEASHELLS;10008.0;6
38600;;;PICNIC_BASKET1;SEASHELLS;58303.0;1
38600;;;PICNIC_BASKET2;SEASHELLS;30073.0;1
38600;;;PICNIC_BASKET2;SEASHELLS;30072.0;6
39000;;;KELP;SEASHELLS;2038.0;2
39000;;;KELP;SEASHELLS;2038.0;3
39000;;;SQUID_INK;SEASHELLS;1838.0;5
39100;;;MAGNIFICENT_MACARONS;SEASHELLS;602.0;5
39200;;;KELP;SEASHELLS;2038.0;5
39200;;;KELP;SEASHELLS;2038.0;1
39200;;;SQUID_INK;SEASHELLS;1837.0;1
39200;;;SQUID_INK;SEASHELLS;1838.0;5
39500;;;DJEMBES;SEASHELLS;13289.0;3
39500;;;KELP;SEASHELLS;2040.0;7
39700;;;KELP;SEASHELLS;2038.0;4
39700;;;SQUID_INK;SEASHELLS;1839.0;4
39800;;;CROISSANTS;SEASHELLS;4240.0;6
39800;;;KELP;SEASHELLS;2040.0;1
39900;;;VOLCANIC_ROCK;SEASHELLS;10135.0;10
40000;;;CROISSANTS;SEASHELLS;4238.0;8
40000;;;KELP;SEASHELLS;2041.0;1
40000;;;RAINFOREST_RESIN;SEASHELLS;10008.0;1
40000;;;SQUID_INK;SEASHELLS;1842.0;1
40400;;;JAMS;SEASHELLS;6513.0;6
40400;;;RAINFOREST_RESIN;SEASHELLS;10001.0;1
40600;;;KELP;SEASHELLS;2036.0;1
40600;;;SQUID_INK;SEASHELLS;1840.0;1
40600;;;VOLCANIC_ROCK_VOUCHER_10000;SEASHELLS;153.0;13
40600;;;VOLCANIC_ROCK_VOUCHER_9500;SEASHELLS;631.0;13
40600;;;VOLCANIC_ROCK_VOUCHER_9750;SEASHELLS;382.0;13
40700;;;KELP;SEASHELLS;2037.0;1
40700;;;SQUID_INK;SEASHELLS;1839.0;1
40800;;;JAMS;SEASHELLS;6515.0;5
40800;;;KELP;SEASHELLS;2036.0;1
40800;;;SQUID_INK;SEASHELLS;1838.0;1
40900;;;JAMS;SEASHELLS;6514.0;9
41000;;;KELP;SEASHELLS;2037.0;2
41000;;;RAINFOREST_RESIN;SEASHELLS;10002.0;4
41000;;;SQUID_INK;SEASHELLS;1839.0;2
41100;;;JAMS;SEASHELLS;6514.0;9
41200;;;RAINFOREST_RESIN;SEASHELLS;9998.0;3
41200;;;VOLCANIC_ROCK;SEASHELLS;10126.0;3
41300;;;CROISSANTS;SEASHELLS;4237.0;7
41300;;;KELP;SEASHELLS;2038.0;1
41300;;;SQUID_INK;SEASHELLS;1842.0;1
41700;;;MAGNIFICENT_MACARONS;SEASHELLS;600.0;3
41800;;;RAINFOREST_RESIN;SEASHELLS;9992.0;10
42000;;;RAINFOREST_RESIN;SEASHELLS;9992.0;6
42000;;;VOLCANIC_ROCK;SEASHELLS;10134.0;7
42100;;;CROISSANTS;SEASHELLS;4237.0;8
42100;;;VOLCANIC_ROCK_VOUCHER_10000;SEASHELLS;156.0;13
42100;;;VOLCANIC_ROCK_VOUCHER_10000;SEASHELLS;156.0;2
42100;;;VOLCANIC_ROCK_VOUCHER_10250;SEASHELLS;27.0;13
42100;;;VOLCANIC_ROCK_VOUCHER_10250;SEASHELLS;27.0;2
42100;;;VOLCANIC_ROCK_VOUCHER_10500;SEASHELLS;2.0;13
42100;;;VOLCANIC_ROCK_VOUCHER_10500;SEASHELLS;2.0;2
42100;;;VOLCANIC_ROCK_VOUCHER_9500;SEASHELLS;633.0;13
42100;;;VOLCANIC_ROCK_VOUCHER_9500;SEASHELLS;633.0;2
42100;;;VOLCANIC_ROCK_VOUCHER_9750;SEASHELLS;385.0;13
42100;;;VOLCANIC_ROCK_VOUCHER_9750;SEASHELLS;385.0;2
42200;;;KELP;SEASHELLS;2036.0;1
42400;;;DJEMBES;SEASHELLS;13286.0;2
42500;;;PICNIC_BASKET1;SEASHELLS;58304.0;6
42500;;;PICNIC_BASKET2;SEASHELLS;30069.0;6
42500;;;RAINFOREST_RESIN;SEASHELLS;10008.0;7
42600;;;DJEMBES;SEASHELLS;13289.0;3
42600;;;JAMS;SEASHELLS;6516.0;8
42600;;;KELP;SEASHELLS;2036.0;1
42600;;;SQUID_INK;SEASHELLS;1841.0;1
42700;;;JAMS;SEASHELLS;6514.0;4
42800;;;CROISSANTS;SEASHELLS;4236.0;7
42800;;;KELP;SEASHELLS;2037.0;3
42800;;;SQUID_INK;SEASHELLS;1842.0;3
42900;;;MAGNIFICENT_MACARONS;SEASHELLS;614.0;6
43000;;;VOLCANIC_ROCK_VOUCHER_10000;SEASHELLS;157.0;11
43000;;;VOLCANIC_ROCK_VOUCHER_10000;SEASHELLS;157.0;1
43000;;;VOLCANIC_ROCK_VOUCHER_10000;SEASHELLS;157.0;5
43000;;;VOLCANIC_ROCK_VOUCHER_10250;SEASHELLS;26.0;11
43000;;;VOLCANIC_ROCK_VOUCHER_10250;SEASHELLS;26.0;1
43000;;;VOLCANIC_ROCK_VOUCHER_10500;SEASHELLS;2.0;11
43000;;;VOLCANIC_ROCK_VOUCHER_10500;SEASHELLS;2.0;1
43000;;;VOLCANIC_ROCK_VOUCHER_9500;SEASHELLS;633.0;11
43000;;;VOLCANIC_ROCK_VOUCHER_9500;SEASHELLS;633.0;1
43000;;;VOLCANIC_ROCK_VOUCHER_9500;SEASHELLS;633.0;5
43000;;;VOLCANIC_ROCK_VOUCHER_9750;SEASHELLS;384.0;11
43000;;;VOLCANIC_ROCK_VOUCHER_9750;SEASHELLS;384.0;1
43000;;;VOLCANIC_ROCK_VOUCHER_9750;SEASHELLS;384.0;5
43100;;;CROISSANTS;SEASHELLS;4236.0;9
43200;;;VOLCANIC_ROCK;SEASHELLS;10130.0;7
43300;;;CROISSANTS;SEASHELLS;4236.0;9
43400;;;KELP;SEASHELLS;2040.0;2
43400;;;SQUID_INK;SEASHELLS;1845.0;2
43400;;;VOLCANIC_ROCK_VOUCHER_10000;SEASHELLS;156.0;15
43400;;;VOLCANIC_ROCK_VOUCHER_9500;SEASHELLS;632.0;15
43400;;;VOLCANIC_ROCK_VOUCHER_9750;SEASHELLS;383.0;15
43500;;;KELP;SEASHELLS;2039.0;1
43500;;;SQUID_INK;SEASHELLS;1844.0;1
43600;;;KELP;SEASHELLS;2039.0;6
43600;;;SQUID_INK;SEASHELLS;1843.0;6
43700;;;KELP;SEASHELLS;2039.0;3
43700;;;RAINFOREST_RESIN;SEASHELLS;10008.0;6
43700;;;SQUID_INK;SEASHELLS;1844.0;3
43800;;;KELP;SEASHELLS;2037.0;1
43800;;;RAINFOREST_RESIN;SEASHELLS;10008.0;4
44000;;;KELP;SEASHELLS;2039.0;1
44000;;;RAINFOREST_RESIN;SEASHELLS;9999.0;1
44000;;;SQUID_INK;SEASHELLS;1845.0;1
44000;;;VOLCANIC_ROCK;SEASHELLS;10132.0;9
44400;;;DJEMBES;SEASHELLS;13292.0;3
44400;;;RAINFOREST_RESIN;SEASHELLS;9997.0;4
44400;;;VOLCANIC_ROCK_VOUCHER_10000;SEASHELLS;161.0;12
44400;;;VOLCANIC_ROCK_VOUCHER_10000;SEASHELLS;161.0;1
44400;;;VOLCANIC_ROCK_VOUCHER_10250;SEASHELLS;28.0;12
44400;;;VOLCANIC_ROCK_VOUCHER_10250;SEASHELLS;28.0;1
44400;;;VOLCANIC_ROCK_VOUCHER_10500;SEASHELLS;2.0;12
44400;;;VOLCANIC_ROCK_VOUCHER_10500;SEASHELLS;2.0;1
44400;;;VOLCANIC_ROCK_VOUCHER_9500;SEASHELLS;639.0;12
44400;;;VOLCANIC_ROCK_VOUCHER_9500;SEASHELLS;639.0;1
44400;;;VOLCANIC_ROCK_VOUCHER_9750;SEASHELLS;391.0;12
44400;;;VOLCANIC_ROCK_VOUCHER_9750;SEASHELLS;391.0;1
44600;;;DJEMBES;SEASHELLS;13291.0;3
44600;;;JAMS;SEASHELLS;6516.0;5
44600;;;KELP;SEASHELLS;2039.0;1
44600;;;SQUID_INK;SEASHELLS;1843.0;1
44600;;;VOLCANIC_ROCK_VOUCHER_10000;SEASHELLS;164.0;12
44600;;;VOLCANIC_ROCK_VOUCHER_10250;SEASHELLS;29.0;12
44600;;;VOLCANIC_ROCK_VOUCHER_10500;SEASHELLS;2.0;12
44600;;;VOLCANIC_ROCK_VOUCHER_9500;SEASHELLS;642.0;12
44600;;;VOLCANIC_ROCK_VOUCHER_9750;SEASHELLS;394.0;12
44700;;;JAMS;SEASHELLS;6515.0;6
44700;;;MAGNIFICENT_MACARONS;SEASHELLS;585.0;4
44800;;;DJEMBES;SEASHELLS;13293.0;5
44800;;;VOLCANIC_ROCK_VOUCHER_10000;SEASHELLS;170.0;10
44800;;;VOLCANIC_ROCK_VOUCHER_10000;SEASHELLS;170.0;2
44800;;;VOLCANIC_ROCK_VOUCHER_10250;SEASHELLS;30.0;10
44800;;;VOLCANIC_ROCK_VOUCHER_10250;SEASHELLS;30.0;2
44800;;;VOLCANIC_ROCK_VOUCHER_10500;SEASHELLS;2.0;10
44800;;;VOLCANIC_ROCK_VOUCHER_10500;SEASHELLS;2.0;2
44800;;;VOLCANIC_ROCK_VOUCHER_9500;SEASHELLS;649.0;10
44800;;;VOLCANIC_ROCK_VOUCHER_9500;SEASHELLS;649.0;2
44800;;;VOLCANIC_ROCK_VOUCHER_9750;SEASHELLS;400.0;10
44800;;;VOLCANIC_ROCK_VOUCHER_9750;SEASHELLS;400.0;2
45000;;;KELP;SEASHELLS;2036.0;2
45000;;;SQUID_INK;SEASHELLS;1842.0;2
45100;;;CROISSANTS;SEASHELLS;4236.0;6
45200;;;CROISSANTS;SEASHELLS;4236.0;6
45200;;;MAGNIFICENT_MACARONS;SEASHELLS;581.0;6
45300;;;JAMS;SEASHELLS;6517.0;4
45400;;;KELP;SEASHELLS;2039.0;2
45400;;;SQUID_INK;SEASHELLS;1847.0;2
45500;;;JAMS;SEASHELLS;6517.0;6
45500;;;KELP;SEASHELLS;2036.0;1
45500;;;PICNIC_BASKET1;SEASHELLS;58293.0;10
45500;;;PICNIC_BASKET2;SEASHELLS;30064.0;10
45500;;;SQUID_INK;SEASHELLS;1844.0;1
45600;;;KELP;SEASHELLS;2038.0;1
45600;;;SQUID_INK;SEASHELLS;1846.0;1
45700;;;VOLCANIC_ROCK_VOUCHER_10000;SEASHELLS;153.0;17
45700;;;VOLCANIC_ROCK_VOUCHER_10000;SEASHELLS;153.0;1
45700;;;VOLCANIC_ROCK_VOUCHER_10250;SEASHELLS;26.0;17
45700;;;VOLCANIC_ROCK_VOUCHER_10250;SEASHELLS;26.0;1
45700;;;VOLCANIC_ROCK_VOUCHER_10500;SEASHELLS;2.0;17
45700;;;VOLCANIC_ROCK_VOUCHER_10500;SEASHELLS;2.0;1
45700;;;VOLCANIC_ROCK_VOUCHER_9500;SEASHELLS;630.0;17
45700;;;VOLCANIC_ROCK_VOUCHER_9500;SEASHELLS;630.0;1
45700;;;VOLCANIC_ROCK_VOUCHER_9750;SEASHELLS;382.0;17
45700;;;VOLCANIC_ROCK_VOUCHER_9750;SEASHELLS;382.0;1
45900;;;PICNIC_BASKET1;SEASHELLS;58305.0;2
45900;;;PICNIC_BASKET1;SEASHELLS;58304.0;6
45900;;;PICNIC_BASKET2;SEASHELLS;30067.0;8
46000;;;CROISSANTS;SEASHELLS;4236.0;7
46000;;;MAGNIFICENT_MACARONS;SEASHELLS;583.0;2
46000;;;RAINFOREST_RESIN;SEASHELLS;9999.0;1
46100;;;VOLCANIC_ROCK_VOUCHER_10000;SEASHELLS;154.0;11
46100;;;VOLCANIC_ROCK_VOUCHER_10000;SEASHELLS;154.0;2
46100;;;VOLCANIC_ROCK_VOUCHER_10250;SEASHELLS;26.0;11
46100;;;VOLCANIC_ROCK_VOUCHER_10250;SEASHELLS;26.0;2
46100;;;VOLCANIC_ROCK_VOUCHER_10500;SEASHELLS;2.0;11
46100;;;VOLCANIC_ROCK_VOUCHER_10500;SEASHELLS;2.0;2
46100;;;VOLCANIC_ROCK_VOUCHER_9500;SEASHELLS;630.0;11
46100;;;VOLCANIC_ROCK_VOUCHER_9500;SEASHELLS;630.0;2
46100;;;VOLCANIC_ROCK_VOUCHER_9750;SEASHELLS;382.0;11
46100;;;VOLCANIC_ROCK_VOUCHER_9750;SEASHELLS;382.0;2
46200;;;DJEMBES;SEASHELLS;13291.0;2
46200;;;MAGNIFICENT_MACARONS;SEASHELLS;580.0;5
46200;;;RAINFOREST_RESIN;SEASHELLS;9992.0;2
46300;;;MAGNIFICENT_MACARONS;SEASHELLS;588.0;5
46400;;;VOLCANIC_ROCK_VOUCHER_10000;SEASHELLS;159.0;12
46400;;;VOLCANIC_ROCK_VOUCHER_9500;SEASHELLS;636.0;12
46400;;;VOLCANIC_ROCK_VOUCHER_9750;SEASHELLS;387.0;12
46500;;;RAINFOREST_RESIN;SEASHELLS;9998.0;5
46600;;;DJEMBES;SEASHELLS;13292.0;4
46600;;;RAINFOREST_RESIN;SEASHELLS;10002.0;3
46600;;;VOLCANIC_ROCK;SEASHELLS;10138.0;5
46600;;;VOLCANIC_ROCK_VOUCHER_10000;SEASHELLS;162.0;16
46600;;;VOLCANIC_ROCK_VOUCHER_9500;SEASHELLS;640.0;16
46600;;;VOLCANIC_ROCK_VOUCHER_9750;SEASHELLS;391.0;16
46700;;;VOLCANIC_ROCK;SEASHELLS;10136.0;10
47300;;;KELP;SEASHELLS;2036.0;1
47300;;;RAINFOREST_RESIN;SEASHELLS;9992.0;4
47300;;;SQUID_INK;SEASHELLS;1844.0;1
47400;;;KELP;SEASHELLS;2036.0;8
47400;;;KELP;SEASHELLS;2039.0;14
47400;;;SQUID_INK;SEASHELLS;1845.0;8
47400;;;SQUID_INK;SEASHELLS;1848.0;14
47400;;;VOLCANIC_ROCK;SEASHELLS;10138.0;7
47800;;;MAGNIFICENT_MACARONS;SEASHELLS;584.0;6
47900;;;KELP;SEASHELLS;2039.0;10
47900;;;SQUID_INK;SEASHELLS;1850.0;10
48000;;;KELP;SEASHELLS;2038.0;5
48000;;;SQUID_INK;SEASHELLS;1848.0;5
48100;;;VOLCANIC_ROCK;SEASHELLS;10140.0;3
48400;;;DJEMBES;SEASHELLS;13294.0;2
48400;;;KELP;SEASHELLS;2039.0;6
48400;;;SQUID_INK;SEASHELLS;1847.0;6
48500;;;CROISSANTS;SEASHELLS;4236.0;6
48600;;;KELP;SEASHELLS;2037.0;1
48600;;;RAINFOREST_RESIN;SEASHELLS;10008.0;9
48600;;;SQUID_INK;SEASHELLS;1844.0;1
48700;;;KELP;SEASHELLS;2036.0;1
48700;;;KELP;SEASHELLS;2036.0;1
48700;;;SQUID_INK;SEASHELLS;1843.0;1
48800;;;KELP;SEASHELLS;2038.0;1
48800;;;SQUID_INK;SEASHELLS;1845.0;1
48900;;;CROISSANTS;SEASHELLS;4236.0;5
49000;;;JAMS;SEASHELLS;6519.0;9
49000;;;RAINFOREST_RESIN;SEASHELLS;9992.0;7
49100;;;JAMS;SEASHELLS;6518.0;9
49300;;;JAMS;SEASHELLS;6518.0;12
49300;;;VOLCANIC_ROCK_VOUCHER_10000;SEASHELLS;172.0;12
49300;;;VOLCANIC_ROCK_VOUCHER_10250;SEASHELLS;32.0;12
49300;;;VOLCANIC_ROCK_VOUCHER_9500;SEASHELLS;653.0;12
49300;;;VOLCANIC_ROCK_VOUCHER_9750;SEASHELLS;404.0;12
49400;;;RAINFOREST_RESIN;SEASHELLS;9999.0;1
49600;;;SQUID_INK;SEASHELLS;1844.0;2
49600;;;VOLCANIC_ROCK_VOUCHER_10000;SEASHELLS;173.0;14
49600;;;VOLCANIC_ROCK_VOUCHER_10000;SEASHELLS;173.0;1
49600;;;VOLCANIC_ROCK_VOUCHER_9500;SEASHELLS;655.0;14
49600;;;VOLCANIC_ROCK_VOUCHER_9500;SEASHELLS;655.0;1
49600;;;VOLCANIC_ROCK_VOUCHER_9750;SEASHELLS;406.0;14
49600;;;VOLCANIC_ROCK_VOUCHER_9750;SEASHELLS;406.0;1
49700;;;KELP;SEASHELLS;2035.0;1
49700;;;SQUID_INK;SEASHELLS;1843.0;1
49900;;;KELP;SEASHELLS;2037.0;1
49900;;;RAINFOREST_RESIN;SEASHELLS;9992.0;8
49900;;;SQUID_INK;SEASHELLS;1843.0;1
50100;;;RAINFOREST_RESIN;SEASHELLS;10002.0;4
50200;;;VOLCANIC_ROCK;SEASHELLS;10161.0;6
50400;;;JAMS;SEASHELLS;6521.0;7
50500;;;KELP;SEASHELLS;2038.0;4
50500;;;SQUID_INK;SEASHELLS;1846.0;4
50600;;;KELP;SEASHELLS;2036.0;2
50600;;;KELP;SEASHELLS;2036.0;2
50600;;;SQUID_INK;SEASHELLS;1845.0;2
50600;;;SQUID_INK;SEASHELLS;1845.0;2
50700;;;RAINFOREST_RESIN;SEASHELLS;9992.0;1
50900;;;JAMS;SEASHELLS;6522.0;7
50900;;;JAMS;SEASHELLS;6522.0;4
50900;;;KELP;SEASHELLS;2036.0;4
50900;;;SQUID_INK;SEASHELLS;1846.0;4
51100;;;DJEMBES;SEASHELLS;13292.0;4
51200;;;CROISSANTS;SEASHELLS;4236.0;5
51300;;;CROISSANTS;SEASHELLS;4236.0;5
51400;;;DJEMBES;SEASHELLS;13294.0;2
51400;;;RAINFOREST_RESIN;SEASHELLS;10001.0;1
51700;;;CROISSANTS;SEASHELLS;4236.0;7
51700;;;RAINFOREST_RESIN;SEASHELLS;9998.0;5
51800;;;KELP;SEASHELLS;2036.0;2
51800;;;SQUID_INK;SEASHELLS;1844.0;2
51900;;;CROISSANTS;SEASHELLS;4236.0;7
52000;;;KELP;SEASHELLS;2036.0;1
52000;;;KELP;SEASHELLS;2036.0;3
52000;;;RAINFOREST_RESIN;SEASHELLS;10003.0;6
52000;;;RAINFOREST_RESIN;SEASHELLS;10001.0;1
52200;;;MAGNIFICENT_MACARONS;SEASHELLS;588.0;5
52300;;;VOLCANIC_ROCK_VOUCHER_10000;SEASHELLS;171.0;10
52300;;;VOLCANIC_ROCK_VOUCHER_10250;SEASHELLS;32.0;10
52300;;;VOLCANIC_ROCK_VOUCHER_10500;SEASHELLS;3.0;10
52300;;;VOLCANIC_ROCK_VOUCHER_9500;SEASHELLS;654.0;10
52300;;;VOLCANIC_ROCK_VOUCHER_9750;SEASHELLS;405.0;10
52400;;;KELP;SEASHELLS;2036.0;3
52400;;;MAGNIFICENT_MACARONS;SEASHELLS;588.0;6
52400;;;SQUID_INK;SEASHELLS;1844.0;3
52500;;;VOLCANIC_ROCK_VOUCHER_10000;SEASHELLS;176.0;13
52500;;;VOLCANIC_ROCK_VOUCHER_10000;SEASHELLS;176.0;2
52500;;;VOLCANIC_ROCK_VOUCHER_10250;SEASHELLS;33.0;13
52500;;;VOLCANIC_ROCK_VOUCHER_10250;SEASHELLS;33.0;2
52500;;;VOLCANIC_ROCK_VOUCHER_10500;SEASHELLS;3.0;13
52500;;;VOLCANIC_ROCK_VOUCHER_10500;SEASHELLS;3.0;2
52500;;;VOLCANIC_ROCK_VOUCHER_9500;SEASHELLS;657.0;13
52500;;;VOLCANIC_ROCK_VOUCHER_9500;SEASHELLS;657.0;2
52500;;;VOLCANIC_ROCK_VOUCHER_9750;SEASHELLS;408.0;13
52500;;;VOLCANIC_ROCK_VOUCHER_9750;SEASHELLS;408.0;2
52700;;;KELP;SEASHELLS;2038.0;1
52700;;;SQUID_INK;SEASHELLS;1846.0;1
52800;;;VOLCANIC_ROCK;SEASHELLS;10160.0;6
52900;;;KELP;SEASHELLS;2036.0;10
52900;;;SQUID_INK;SEASHELLS;1844.0;10
52900;;;VOLCANIC_ROCK;SEASHELLS;10159.0;7
52900;;;VOLCANIC_ROCK;SEASHELLS;10159.0;9
53000;;;PICNIC_BASKET1;SEASHELLS;58332.0;2
53100;;;JAMS;SEASHELLS;6523.0;4
53100;;;PICNIC_BASKET1;SEASHELLS;58320.0;10
53100;;;PICNIC_BASKET2;SEASHELLS;30065.0;10
53200;;;VOLCANIC_ROCK_VOUCHER_10000;SEASHELLS;171.0;12
53200;;;VOLCANIC_ROCK_VOUCHER_10000;SEASHELLS;171.0;2
53200;;;VOLCANIC_ROCK_VOUCHER_10250;SEASHELLS;31.0;12
53200;;;VOLCANIC_ROCK_VOUCHER_10250;SEASHELLS;31.0;2
53200;;;VOLCANIC_ROCK_VOUCHER_10500;SEASHELLS;2.0;12
53200;;;VOLCANIC_ROCK_VOUCHER_10500;SEASHELLS;2.0;2
53200;;;VOLCANIC_ROCK_VOUCHER_9500;SEASHELLS;652.0;12
53200;;;VOLCANIC_ROCK_VOUCHER_9500;SEASHELLS;652.0;2
53200;;;VOLCANIC_ROCK_VOUCHER_9750;SEASHELLS;403.0;12
53200;;;VOLCANIC_ROCK_VOUCHER_9750;SEASHELLS;403.0;2
53300;;;MAGNIFICENT_MACARONS;SEASHELLS;597.0;4
53300;;;VOLCANIC_ROCK;SEASHELLS;10155.0;6
53800;;;PICNIC_BASKET1;SEASHELLS;58313.0;3
53800;;;PICNIC_BASKET2;SEASHELLS;30060.0;3
53900;;;JAMS;SEASHELLS;6524.0;5
53900;;;RAINFOREST_RESIN;SEASHELLS;10008.0;2
53900;;;SQUID_INK;SEASHELLS;1845.0;1
54000;;;DJEMBES;SEASHELLS;13294.0;1
54100;;;VOLCANIC_ROCK_VOUCHER_10000;SEASHELLS;176.0;13
54100;;;VOLCANIC_ROCK_VOUCHER_9500;SEASHELLS;655.0;13
54100;;;VOLCANIC_ROCK_VOUCHER_9750;SEASHELLS;406.0;13
54300;;;VOLCANIC_ROCK;SEASHELLS;10154.0;7
54500;;;KELP;SEASHELLS;2038.0;8
54500;;;RAINFOREST_RESIN;SEASHELLS;10008.0;4
54500;;;SQUID_INK;SEASHELLS;1849.0;8
54600;;;KELP;SEASHELLS;2037.0;5
54600;;;SQUID_INK;SEASHELLS;1847.0;5
55000;;;DJEMBES;SEASHELLS;13294.0;4
55100;;;VOLCANIC_ROCK_VOUCHER_10000;SEASHELLS;173.0;11
55100;;;VOLCANIC_ROCK_VOUCHER_10000;SEASHELLS;173.0;1
55100;;;VOLCANIC_ROCK_VOUCHER_10250;SEASHELLS;32.0;11
55100;;;VOLCANIC_ROCK_VOUCHER_10250;SEASHELLS;32.0;1
55100;;;VOLCANIC_ROCK_VOUCHER_10500;SEASHELLS;3.0;11
55100;;;VOLCANIC_ROCK_VOUCHER_10500;SEASHELLS;3.0;1
55100;;;VOLCANIC_ROCK_VOUCHER_9500;SEASHELLS;654.0;11
55100;;;VOLCANIC_ROCK_VOUCHER_9500;SEASHELLS;654.0;1
55100;;;VOLCANIC_ROCK_VOUCHER_9750;SEASHELLS;406.0;11
55100;;;VOLCANIC_ROCK_VOUCHER_9750;SEASHELLS;406.0;1
55400;;;JAMS;SEASHELLS;6521.0;5
55500;;;JAMS;SEASHELLS;6521.0;9
55500;;;RAINFOREST_RESIN;SEASHELLS;10008.0;2
55500;;;VOLCANIC_ROCK;SEASHELLS;10155.0;6
55600;;;JAMS;SEASHELLS;6520.0;8
55700;;;CROISSANTS;SEASHELLS;4232.0;5
55800;;;JAMS;SEASHELLS;6522.0;5
55800;;;KELP;SEASHELLS;2036.0;13
55800;;;SQUID_INK;SEASHELLS;1850.0;13
55900;;;CROISSANTS;SEASHELLS;4231.0;7
56000;;;DJEMBES;SEASHELLS;13288.0;1
56000;;;KELP;SEASHELLS;2038.0;4
56000;;;RAINFOREST_RESIN;SEASHELLS;10002.0;3
56000;;;RAINFOREST_RESIN;SEASHELLS;10001.0;1
56000;;;SQUID_INK;SEASHELLS;1852.0;4
56200;;;KELP;SEASHELLS;2037.0;3
56200;;;PICNIC_BASKET1;SEASHELLS;58260.0;1
56200;;;PICNIC_BASKET2;SEASHELLS;30052.0;10
56200;;;SQUID_INK;SEASHELLS;1851.0;3
56300;;;RAINFOREST_RESIN;SEASHELLS;10003.0;3
56300;;;RAINFOREST_RESIN;SEASHELLS;10003.0;3
56400;;;RAINFOREST_RESIN;SEASHELLS;10008.0;9
56400;;;RAINFOREST_RESIN;SEASHELLS;10001.0;1
56400;;;VOLCANIC_ROCK_VOUCHER_10000;SEASHELLS;160.0;7
56400;;;VOLCANIC_ROCK_VOUCHER_10250;SEASHELLS;27.0;7
56400;;;VOLCANIC_ROCK_VOUCHER_10500;SEASHELLS;2.0;7
56400;;;VOLCANIC_ROCK_VOUCHER_9500;SEASHELLS;637.0;7
56400;;;VOLCANIC_ROCK_VOUCHER_9750;SEASHELLS;390.0;7
56500;;;JAMS;SEASHELLS;6520.0;5
56600;;;DJEMBES;SEASHELLS;13290.0;1
56600;;;PICNIC_BASKET2;SEASHELLS;30050.0;2
56600;;;VOLCANIC_ROCK_VOUCHER_10000;SEASHELLS;158.0;12
56600;;;VOLCANIC_ROCK_VOUCHER_10250;SEASHELLS;28.0;12
56600;;;VOLCANIC_ROCK_VOUCHER_10500;SEASHELLS;2.0;12
56600;;;VOLCANIC_ROCK_VOUCHER_9500;SEASHELLS;638.0;12
56600;;;VOLCANIC_ROCK_VOUCHER_9750;SEASHELLS;390.0;12
56700;;;KELP;SEASHELLS;2036.0;1
56700;;;SQUID_INK;SEASHELLS;1850.0;1
57000;;;DJEMBES;SEASHELLS;13289.0;2
57000;;;JAMS;SEASHELLS;6522.0;4
57000;;;JAMS;SEASHELLS;6524.0;8
57500;;;RAINFOREST_RESIN;SEASHELLS;9992.0;7
57500;;;VOLCANIC_ROCK;SEASHELLS;10141.0;3
57500;;;VOLCANIC_ROCK_VOUCHER_10000;SEASHELLS;162.0;11
57500;;;VOLCANIC_ROCK_VOUCHER_9500;SEASHELLS;641.0;11
57500;;;VOLCANIC_ROCK_VOUCHER_9750;SEASHELLS;392.0;11
57600;;;KELP;SEASHELLS;2037.0;1
57600;;;KELP;SEASHELLS;2039.0;6
57600;;;SQUID_INK;SEASHELLS;1857.0;1
57600;;;SQUID_INK;SEASHELLS;1858.0;6
57800;;;RAINFOREST_RESIN;SEASHELLS;10008.0;7
57800;;;VOLCANIC_ROCK_VOUCHER_10000;SEASHELLS;165.0;13
57800;;;VOLCANIC_ROCK_VOUCHER_10000;SEASHELLS;165.0;2
57800;;;VOLCANIC_ROCK_VOUCHER_10250;SEASHELLS;29.0;13
57800;;;VOLCANIC_ROCK_VOUCHER_10250;SEASHELLS;29.0;2
57800;;;VOLCANIC_ROCK_VOUCHER_10500;SEASHELLS;2.0;13
57800;;;VOLCANIC_ROCK_VOUCHER_10500;SEASHELLS;2.0;2
57800;;;VOLCANIC_ROCK_VOUCHER_9500;SEASHELLS;644.0;13
57800;;;VOLCANIC_ROCK_VOUCHER_9500;SEASHELLS;644.0;2
57800;;;VOLCANIC_ROCK_VOUCHER_9750;SEASHELLS;395.0;13
57800;;;VOLCANIC_ROCK_VOUCHER_9750;SEASHELLS;395.0;2
58000;;;KELP;SEASHELLS;2038.0;1
58200;;;KELP;SEASHELLS;2039.0;1
58200;;;SQUID_INK;SEASHELLS;1860.0;1
58300;;;RAINFOREST_RESIN;SEASHELLS;9992.0;7
58300;;;RAINFOREST_RESIN;SEASHELLS;9998.0;3
58400;;;CROISSANTS;SEASHELLS;4233.0;8
58400;;;RAINFOREST_RESIN;SEASHELLS;9992.0;6
58600;;;JAMS;SEASHELLS;6525.0;8
58700;;;KELP;SEASHELLS;2037.0;3
58700;;;SQUID_INK;SEASHELLS;1857.0;3
58900;;;VOLCANIC_ROCK;SEASHELLS;10144.0;6
59000;;;CROISSANTS;SEASHELLS;4232.0;9
59100;;;PICNIC_BASKET1;SEASHELLS;58250.0;7
59200;;;RAINFOREST_RESIN;SEASHELLS;10008.0;1
59200;;;RAINFOREST_RESIN;SEASHELLS;10001.0;1
59300;;;JAMS;SEASHELLS;6524.0;10
59300;;;MAGNIFICENT_MACARONS;SEASHELLS;590.0;4
59300;;;VOLCANIC_ROCK;SEASHELLS;10145.0;1
59300;;;VOLCANIC_ROCK;SEASHELLS;10146.0;5
59600;;;JAMS;SEASHELLS;6524.0;6
59700;;;RAINFOREST_RESIN;SEASHELLS;10001.0;1
59800;;;RAINFOREST_RESIN;SEASHELLS;10008.0;5
59900;;;JAMS;SEASHELLS;6524.0;7
60000;;;PICNIC_BASKET1;SEASHELLS;58261.0;1
60000;;;PICNIC_BASKET2;SEASHELLS;30079.0;1
60000;;;RAINFOREST_RESIN;SEASHELLS;10008.0;7
60100;;;VOLCANIC_ROCK_VOUCHER_10000;SEASHELLS;173.0;16
60100;;;VOLCANIC_ROCK_VOUCHER_9500;SEASHELLS;655.0;16
60100;;;VOLCANIC_ROCK_VOUCHER_9750;SEASHELLS;406.0;16
60300;;;CROISSANTS;SEASHELLS;4233.0;8
60300;;;PICNIC_BASKET1;SEASHELLS;58263.0;2
60300;;;PICNIC_BASKET2;SEASHELLS;30079.0;2
60400;;;JAMS;SEASHELLS;6524.0;4
60400;;;JAMS;SEASHELLS;6526.0;10
60500;;;KELP;SEASHELLS;2036.0;4
60500;;;KELP;SEASHELLS;2036.0;1
60500;;;MAGNIFICENT_MACARONS;SEASHELLS;604.0;5
60500;;;PICNIC_BASKET1;SEASHELLS;58249.0;1
60500;;;PICNIC_BASKET2;SEASHELLS;30071.0;6
60500;;;SQUID_INK;SEASHELLS;1855.0;1
60500;;;SQUID_INK;SEASHELLS;1856.0;4
60600;;;JAMS;SEASHELLS;6526.0;6
60900;;;JAMS;SEASHELLS;6524.0;6
60900;;;KELP;SEASHELLS;2038.0;1
60900;;;PICNIC_BASKET1;SEASHELLS;58259.0;4
60900;;;PICNIC_BASKET2;SEASHELLS;30076.0;4
61000;;;RAINFOREST_RESIN;SEASHELLS;10001.0;1
61100;;;PICNIC_BASKET1;SEASHELLS;58249.0;1
61100;;;PICNIC_BASKET2;SEASHELLS;30069.0;1
61100;;;RAINFOREST_RESIN;SEASHELLS;10000.0;2
61300;;;CROISSANTS;SEASHELLS;4231.0;7
61400;;;KELP;SEASHELLS;2037.0;6
61400;;;SQUID_INK;SEASHELLS;1855.0;6
61500;;;KELP;SEASHELLS;2037.0;1
61500;;;SQUID_INK;SEASHELLS;1854.0;1
61700;;;RAINFOREST_RESIN;SEASHELLS;10003.0;7
61700;;;RAINFOREST_RESIN;SEASHELLS;10002.0;3
61900;;;JAMS;SEASHELLS;6524.0;8
62000;;;DJEMBES;SEASHELLS;13289.0;5
62000;;;MAGNIFICENT_MACARONS;SEASHELLS;618.0;6
62100;;;KELP;SEASHELLS;2037.0;1
62100;;;SQUID_INK;SEASHELLS;1854.0;1
62100;;;SQUID_INK;SEASHELLS;1856.0;2
62400;;;CROISSANTS;SEASHELLS;4231.0;6
62500;;;DJEMBES;SEASHELLS;13287.0;3
62600;;;VOLCANIC_ROCK;SEASHELLS;10159.0;9
62700;;;RAINFOREST_RESIN;SEASHELLS;10002.0;3
62800;;;DJEMBES;SEASHELLS;13288.0;2
62800;;;JAMS;SEASHELLS;6522.0;7
62800;;;MAGNIFICENT_MACARONS;SEASHELLS;619.0;5
62900;;;MAGNIFICENT_MACARONS;SEASHELLS;623.0;6
63000;;;CROISSANTS;SEASHELLS;4231.0;7
63000;;;RAINFOREST_RESIN;SEASHELLS;9998.0;5
63100;;;VOLCANIC_ROCK_VOUCHER_10000;SEASHELLS;175.0;14
63100;;;VOLCANIC_ROCK_VOUCHER_9500;SEASHELLS;659.0;14
63100;;;VOLCANIC_ROCK_VOUCHER_9750;SEASHELLS;410.0;14
63300;;;KELP;SEASHELLS;2037.0;9
63300;;;SQUID_INK;SEASHELLS;1855.0;9
63700;;;KELP;SEASHELLS;2037.0;5
63700;;;RAINFOREST_RESIN;SEASHELLS;9998.0;4
63700;;;SQUID_INK;SEASHELLS;1854.0;5
63800;;;DJEMBES;SEASHELLS;13287.0;1
63800;;;JAMS;SEASHELLS;6520.0;4
63800;;;RAINFOREST_RESIN;SEASHELLS;10001.0;1
63900;;;KELP;SEASHELLS;2037.0;1
63900;;;KELP;SEASHELLS;2037.0;3
63900;;;SQUID_INK;SEASHELLS;1854.0;1
63900;;;SQUID_INK;SEASHELLS;1854.0;3
64000;;;CROISSANTS;SEASHELLS;4232.0;5
64000;;;JAMS;SEASHELLS;6519.0;10
64100;;;KELP;SEASHELLS;2037.0;1
64100;;;SQUID_INK;SEASHELLS;1854.0;1
64200;;;RAINFOREST_RESIN;SEASHELLS;9992.0;6
64400;;;DJEMBES;SEASHELLS;13289.0;2
64400;;;JAMS;SEASHELLS;6519.0;5
64500;;;KELP;SEASHELLS;2038.0;1
64500;;;SQUID_INK;SEASHELLS;1851.0;1
64700;;;KELP;SEASHELLS;2043.0;2
64700;;;SQUID_INK;SEASHELLS;1854.0;2
64800;;;PICNIC_BASKET1;SEASHELLS;58196.0;2
64800;;;PICNIC_BASKET2;SEASHELLS;30054.0;2
65000;;;KELP;SEASHELLS;2040.0;2
65000;;;SQUID_INK;SEASHELLS;1852.0;1
65000;;;SQUID_INK;SEASHELLS;1852.0;1
65100;;;KELP;SEASHELLS;2040.0;1
65100;;;RAINFOREST_RESIN;SEASHELLS;10002.0;3
65100;;;SQUID_INK;SEASHELLS;1852.0;1
65300;;;RAINFOREST_RESIN;SEASHELLS;10003.0;4
65300;;;VOLCANIC_ROCK_VOUCHER_10000;SEASHELLS;175.0;10
65300;;;VOLCANIC_ROCK_VOUCHER_10250;SEASHELLS;32.0;10
65300;;;VOLCANIC_ROCK_VOUCHER_10500;SEASHELLS;3.0;10
65300;;;VOLCANIC_ROCK_VOUCHER_9500;SEASHELLS;656.0;10
65300;;;VOLCANIC_ROCK_VOUCHER_9750;SEASHELLS;407.0;10
65500;;;DJEMBES;SEASHELLS;13289.0;2
65600;;;KELP;SEASHELLS;2040.0;1
65600;;;SQUID_INK;SEASHELLS;1850.0;1
65700;;;KELP;SEASHELLS;2042.0;1
65700;;;MAGNIFICENT_MACARONS;SEASHELLS;598.0;3
65700;;;RAINFOREST_RESIN;SEASHELLS;9998.0;5
65800;;;DJEMBES;SEASHELLS;13290.0;4
65900;;;JAMS;SEASHELLS;6520.0;10
66000;;;KELP;SEASHELLS;2043.0;5
66000;;;SQUID_INK;SEASHELLS;1853.0;5
66200;;;KELP;SEASHELLS;2040.0;1
66200;;;SQUID_INK;SEASHELLS;1849.0;1
66200;;;VOLCANIC_ROCK_VOUCHER_10000;SEASHELLS;170.0;14
66200;;;VOLCANIC_ROCK_VOUCHER_10000;SEASHELLS;170.0;2
66200;;;VOLCANIC_ROCK_VOUCHER_9500;SEASHELLS;652.0;14
66200;;;VOLCANIC_ROCK_VOUCHER_9500;SEASHELLS;652.0;2
66200;;;VOLCANIC_ROCK_VOUCHER_9750;SEASHELLS;403.0;14
66200;;;VOLCANIC_ROCK_VOUCHER_9750;SEASHELLS;403.0;2
66300;;;KELP;SEASHELLS;2041.0;2
66300;;;SQUID_INK;SEASHELLS;1851.0;2
66300;;;SQUID_INK;SEASHELLS;1851.0;3
66300;;;VOLCANIC_ROCK_VOUCHER_10000;SEASHELLS;170.0;11
66300;;;VOLCANIC_ROCK_VOUCHER_10000;SEASHELLS;170.0;1
66300;;;VOLCANIC_ROCK_VOUCHER_10250;SEASHELLS;31.0;11
66300;;;VOLCANIC_ROCK_VOUCHER_10250;SEASHELLS;31.0;1
66300;;;VOLCANIC_ROCK_VOUCHER_10500;SEASHELLS;2.0;11
66300;;;VOLCANIC_ROCK_VOUCHER_10500;SEASHELLS;2.0;1
66300;;;VOLCANIC_ROCK_VOUCHER_9500;SEASHELLS;653.0;11
66300;;;VOLCANIC_ROCK_VOUCHER_9500;SEASHELLS;653.0;1
66300;;;VOLCANIC_ROCK_VOUCHER_9750;SEASHELLS;404.0;11
66300;;;VOLCANIC_ROCK_VOUCHER_9750;SEASHELLS;404.0;1
66700;;;CROISSANTS;SEASHELLS;4232.0;7
66700;;;KELP;SEASHELLS;2041.0;1
66700;;;SQUID_INK;SEASHELLS;1849.0;1
66800;;;DJEMBES;SEASHELLS;13290.0;3
66800;;;KELP;SEASHELLS;2042.0;4
66900;;;VOLCANIC_ROCK_VOUCHER_10000;SEASHELLS;169.0;15
66900;;;VOLCANIC_ROCK_VOUCHER_10000;SEASHELLS;169.0;1
66900;;;VOLCANIC_ROCK_VOUCHER_10250;SEASHELLS;30.0;15
66900;;;VOLCANIC_ROCK_VOUCHER_10250;SEASHELLS;30.0;1
66900;;;VOLCANIC_ROCK_VOUCHER_10500;SEASHELLS;2.0;15
66900;;;VOLCANIC_ROCK_VOUCHER_10500;SEASHELLS;2.0;1
66900;;;VOLCANIC_ROCK_VOUCHER_9500;SEASHELLS;650.0;15
66900;;;VOLCANIC_ROCK_VOUCHER_9500;SEASHELLS;650.0;1
66900;;;VOLCANIC_ROCK_VOUCHER_9750;SEASHELLS;401.0;15
66900;;;VOLCANIC_ROCK_VOUCHER_9750;SEASHELLS;401.0;1
67000;;;RAINFOREST_RESIN;SEASHELLS;10002.0;1
67100;;;DJEMBES;SEASHELLS;13290.0;3
67100;;;KELP;SEASHELLS;2043.0;1
67100;;;KELP;SEASHELLS;2041.0;9
67100;;;SQUID_INK;SEASHELLS;1851.0;1
67100;;;SQUID_INK;SEASHELLS;1849.0;9
67200;;;RAINFOREST_RESIN;SEASHELLS;9992.0;7
67300;;;DJEMBES;SEASHELLS;13291.0;1
67400;;;JAMS;SEASHELLS;6523.0;8
67500;;;MAGNIFICENT_MACARONS;SEASHELLS;614.0;4
67700;;;KELP;SEASHELLS;2041.0;3
67700;;;RAINFOREST_RESIN;SEASHELLS;10001.0;1
67900;;;DJEMBES;SEASHELLS;13291.0;5
68500;;;DJEMBES;SEASHELLS;13291.0;5
68600;;;KELP;SEASHELLS;2043.0;1
68600;;;SQUID_INK;SEASHELLS;1852.0;1
68700;;;CROISSANTS;SEASHELLS;4233.0;8
68800;;;KELP;SEASHELLS;2041.0;3
68800;;;SQUID_INK;SEASHELLS;1849.0;3
68900;;;JAMS;SEASHELLS;6520.0;10
69000;;;RAINFOREST_RESIN;SEASHELLS;9992.0;4
69000;;;VOLCANIC_ROCK_VOUCHER_10000;SEASHELLS;172.0;13
69000;;;VOLCANIC_ROCK_VOUCHER_10000;SEASHELLS;172.0;1
69000;;;VOLCANIC_ROCK_VOUCHER_10250;SEASHELLS;32.0;13
69000;;;VOLCANIC_ROCK_VOUCHER_10250;SEASHELLS;32.0;1
69000;;;VOLCANIC_ROCK_VOUCHER_9500;SEASHELLS;654.0;13
69000;;;VOLCANIC_ROCK_VOUCHER_9500;SEASHELLS;654.0;1
69000;;;VOLCANIC_ROCK_VOUCHER_9750;SEASHELLS;405.0;13
69000;;;VOLCANIC_ROCK_VOUCHER_9750;SEASHELLS;405.0;1
69200;;;RAINFOREST_RESIN;SEASHELLS;10008.0;5
69300;;;DJEMBES;SEASHELLS;13293.0;11
69400;;;PICNIC_BASKET1;SEASHELLS;58243.0;1
69400;;;PICNIC_BASKET2;SEASHELLS;30089.0;6
69500;;;RAINFOREST_RESIN;SEASHELLS;9999.0;1
69700;;;KELP;SEASHELLS;2040.0;1
69700;;;SQUID_INK;SEASHELLS;1847.0;1
69900;;;DJEMBES;SEASHELLS;13296.0;1
70000;;;DJEMBES;SEASHELLS;13294.0;7
70000;;;KELP;SEASHELLS;2040.0;8
70000;;;KELP;SEASHELLS;2040.0;9
70000;;;SQUID_INK;SEASHELLS;1846.0;9
70100;;;VOLCANIC_ROCK;SEASHELLS;10154.0;5
70200;;;KELP;SEASHELLS;2043.0;1
70200;;;SQUID_INK;SEASHELLS;1850.0;1
70300;;;VOLCANIC_ROCK;SEASHELLS;10157.0;2
70400;;;VOLCANIC_ROCK_VOUCHER_10000;SEASHELLS;176.0;16
70400;;;VOLCANIC_ROCK_VOUCHER_10000;SEASHELLS;176.0;2
70400;;;VOLCANIC_ROCK_VOUCHER_9500;SEASHELLS;659.0;16
70400;;;VOLCANIC_ROCK_VOUCHER_9500;SEASHELLS;659.0;2
70400;;;VOLCANIC_ROCK_VOUCHER_9750;SEASHELLS;410.0;16
70400;;;VOLCANIC_ROCK_VOUCHER_9750;SEASHELLS;410.0;2
70600;;;VOLCANIC_ROCK_VOUCHER_10000;SEASHELLS;177.0;14
70600;;;VOLCANIC_ROCK_VOUCHER_10000;SEASHELLS;177.0;2
70600;;;VOLCANIC_ROCK_VOUCHER_10250;SEASHELLS;34.0;14
70600;;;VOLCANIC_ROCK_VOUCHER_10250;SEASHELLS;34.0;2
70600;;;VOLCANIC_ROCK_VOUCHER_10500;SEASHELLS;3.0;14
70600;;;VOLCANIC_ROCK_VOUCHER_10500;SEASHELLS;3.0;2
70600;;;VOLCANIC_ROCK_VOUCHER_9500;SEASHELLS;662.0;14
70600;;;VOLCANIC_ROCK_VOUCHER_9500;SEASHELLS;662.0;2
70600;;;VOLCANIC_ROCK_VOUCHER_9750;SEASHELLS;413.0;14
70600;;;VOLCANIC_ROCK_VOUCHER_9750;SEASHELLS;413.0;2
70800;;;VOLCANIC_ROCK;SEASHELLS;10154.0;7
70900;;;DJEMBES;SEASHELLS;13293.0;1
71100;;;KELP;SEASHELLS;2042.0;1
71100;;;MAGNIFICENT_MACARONS;SEASHELLS;595.0;4
71100;;;SQUID_INK;SEASHELLS;1853.0;1
71300;;;JAMS;SEASHELLS;6519.0;6
71300;;;PICNIC_BASKET1;SEASHELLS;58253.0;1
71300;;;PICNIC_BASKET2;SEASHELLS;30093.0;7
71500;;;KELP;SEASHELLS;2039.0;1
71500;;;KELP;SEASHELLS;2043.0;6
71500;;;SQUID_INK;SEASHELLS;1851.0;1
71500;;;SQUID_INK;SEASHELLS;1854.0;6
71600;;;KELP;SEASHELLS;2039.0;1
71600;;;SQUID_INK;SEASHELLS;1851.0;1
71700;;;CROISSANTS;SEASHELLS;4235.0;6
71900;;;VOLCANIC_ROCK_VOUCHER_10000;SEASHELLS;176.0;11
71900;;;VOLCANIC_ROCK_VOUCHER_9500;SEASHELLS;659.0;11
71900;;;VOLCANIC_ROCK_VOUCHER_9750;SEASHELLS;410.0;11
72100;;;RAINFOREST_RESIN;SEASHELLS;9992.0;1
72400;;;PICNIC_BASKET1;SEASHELLS;58251.0;1
72400;;;PICNIC_BASKET1;SEASHELLS;58251.0;5
72400;;;PICNIC_BASKET2;SEASHELLS;30092.0;6
72500;;;CROISSANTS;SEASHELLS;4237.0;7
72500;;;SQUID_INK;SEASHELLS;1851.0;5
72600;;;VOLCANIC_ROCK;SEASHELLS;10158.0;9
72900;;;RAINFOREST_RESIN;SEASHELLS;9992.0;4
73000;;;KELP;SEASHELLS;2041.0;1
73000;;;KELP;SEASHELLS;2039.0;2
73000;;;SQUID_INK;SEASHELLS;1852.0;1
73000;;;SQUID_INK;SEASHELLS;1850.0;2
73100;;;VOLCANIC_ROCK_VOUCHER_10000;SEASHELLS;174.0;11
73100;;;VOLCANIC_ROCK_VOUCHER_9500;SEASHELLS;659.0;11
73100;;;VOLCANIC_ROCK_VOUCHER_9750;SEASHELLS;410.0;11
73200;;;KELP;SEASHELLS;2042.0;1
73200;;;RAINFOREST_RESIN;SEASHELLS;10003.0;4
73200;;;RAINFOREST_RESIN;SEASHELLS;10008.0;4
73200;;;SQUID_INK;SEASHELLS;1853.0;1
73300;;;DJEMBES;SEASHELLS;13291.0;4
73300;;;KELP;SEASHELLS;2039.0;1
73300;;;RAINFOREST_RESIN;SEASHELLS;10008.0;1
73300;;;SQUID_INK;SEASHELLS;1851.0;1
73300;;;VOLCANIC_ROCK_VOUCHER_10000;SEASHELLS;180.0;6
73300;;;VOLCANIC_ROCK_VOUCHER_10250;SEASHELLS;33.0;6
73300;;;VOLCANIC_ROCK_VOUCHER_10500;SEASHELLS;3.0;6
73300;;;VOLCANIC_ROCK_VOUCHER_9500;SEASHELLS;661.0;6
73300;;;VOLCANIC_ROCK_VOUCHER_9750;SEASHELLS;412.0;6
73400;;;VOLCANIC_ROCK_VOUCHER_10000;SEASHELLS;179.0;10
73400;;;VOLCANIC_ROCK_VOUCHER_9500;SEASHELLS;667.0;10
73400;;;VOLCANIC_ROCK_VOUCHER_9750;SEASHELLS;418.0;10
73500;;;VOLCANIC_ROCK_VOUCHER_10000;SEASHELLS;183.0;10
73500;;;VOLCANIC_ROCK_VOUCHER_10250;SEASHELLS;34.0;10
73500;;;VOLCANIC_ROCK_VOUCHER_10500;SEASHELLS;3.0;10
73500;;;VOLCANIC_ROCK_VOUCHER_9500;SEASHELLS;664.0;10
73500;;;VOLCANIC_ROCK_VOUCHER_9750;SEASHELLS;415.0;10
73600;;;CROISSANTS;SEASHELLS;4238.0;7
73600;;;VOLCANIC_ROCK;SEASHELLS;10162.0;10
73800;;;KELP;SEASHELLS;2044.0;2
73800;;;SQUID_INK;SEASHELLS;1854.0;2
73900;;;MAGNIFICENT_MACARONS;SEASHELLS;574.0;4
74200;;;KELP;SEASHELLS;2040.0;1
74300;;;KELP;SEASHELLS;2043.0;1
74300;;;SQUID_INK;SEASHELLS;1853.0;1
74400;;;KELP;SEASHELLS;2040.0;8
74400;;;RAINFOREST_RESIN;SEASHELLS;10008.0;5
74400;;;SQUID_INK;SEASHELLS;1851.0;8
74600;;;JAMS;SEASHELLS;6517.0;8
74700;;;VOLCANIC_ROCK_VOUCHER_10000;SEASHELLS;184.0;8
74700;;;VOLCANIC_ROCK_VOUCHER_10250;SEASHELLS;35.0;8
74700;;;VOLCANIC_ROCK_VOUCHER_10500;SEASHELLS;3.0;8
74700;;;VOLCANIC_ROCK_VOUCHER_9500;SEASHELLS;667.0;8
74700;;;VOLCANIC_ROCK_VOUCHER_9750;SEASHELLS;418.0;8
74900;;;RAINFOREST_RESIN;SEASHELLS;10001.0;1
75100;;;KELP;SEASHELLS;2040.0;1
75100;;;MAGNIFICENT_MACARONS;SEASHELLS;581.0;3
75100;;;SQUID_INK;SEASHELLS;1850.0;1
75300;;;VOLCANIC_ROCK_VOUCHER_10000;SEASHELLS;183.0;14
75300;;;VOLCANIC_ROCK_VOUCHER_9500;SEASHELLS;667.0;14
75300;;;VOLCANIC_ROCK_VOUCHER_9750;SEASHELLS;418.0;14
75400;;;RAINFOREST_RESIN;SEASHELLS;10008.0;2
75800;;;KELP;SEASHELLS;2042.0;2
75800;;;MAGNIFICENT_MACARONS;SEASHELLS;587.0;6
75800;;;SQUID_INK;SEASHELLS;1850.0;2
75900;;;JAMS;SEASHELLS;6517.0;5
76500;;;KELP;SEASHELLS;2044.0;1
76500;;;SQUID_INK;SEASHELLS;1852.0;1
76500;;;SQUID_INK;SEASHELLS;1851.0;2
76800;;;RAINFOREST_RESIN;SEASHELLS;9992.0;5
76900;;;DJEMBES;SEASHELLS;13292.0;2
76900;;;MAGNIFICENT_MACARONS;SEASHELLS;583.0;6
77000;;;KELP;SEASHELLS;2043.0;2
77000;;;KELP;SEASHELLS;2043.0;10
77000;;;SQUID_INK;SEASHELLS;1851.0;2
77000;;;SQUID_INK;SEASHELLS;1851.0;10
77100;;;KELP;SEASHELLS;2041.0;5
77100;;;SQUID_INK;SEASHELLS;1848.0;5
77400;;;KELP;SEASHELLS;2040.0;1
77400;;;SQUID_INK;SEASHELLS;1848.0;1
77500;;;VOLCANIC_ROCK_VOUCHER_10000;SEASHELLS;172.0;11
77500;;;VOLCANIC_ROCK_VOUCHER_10250;SEASHELLS;31.0;11
77500;;;VOLCANIC_ROCK_VOUCHER_10500;SEASHELLS;2.0;11
77500;;;VOLCANIC_ROCK_VOUCHER_9500;SEASHELLS;654.0;11
77500;;;VOLCANIC_ROCK_VOUCHER_9750;SEASHELLS;406.0;11
78200;;;KELP;SEASHELLS;2043.0;1
78200;;;SQUID_INK;SEASHELLS;1850.0;1
78300;;;KELP;SEASHELLS;2041.0;1
78300;;;SQUID_INK;SEASHELLS;1847.0;1
78600;;;RAINFOREST_RESIN;SEASHELLS;9992.0;4
78800;;;JAMS;SEASHELLS;6517.0;11
79200;;;KELP;SEASHELLS;2043.0;1
79200;;;KELP;SEASHELLS;2044.0;2
79200;;;RAINFOREST_RESIN;SEASHELLS;9992.0;1
79200;;;SQUID_INK;SEASHELLS;1851.0;1
79200;;;SQUID_INK;SEASHELLS;1852.0;2
79300;;;VOLCANIC_ROCK_VOUCHER_10000;SEASHELLS;166.0;13
79300;;;VOLCANIC_ROCK_VOUCHER_10250;SEASHELLS;30.0;13
79300;;;VOLCANIC_ROCK_VOUCHER_10500;SEASHELLS;2.0;13
79300;;;VOLCANIC_ROCK_VOUCHER_9500;SEASHELLS;648.0;13
79300;;;VOLCANIC_ROCK_VOUCHER_9750;SEASHELLS;399.0;13
79400;;;DJEMBES;SEASHELLS;13295.0;3
79400;;;RAINFOREST_RESIN;SEASHELLS;9999.0;1
79600;;;DJEMBES;SEASHELLS;13295.0;5
79700;;;JAMS;SEASHELLS;6517.0;5
79800;;;VOLCANIC_ROCK_VOUCHER_10000;SEASHELLS;171.0;16
79800;;;VOLCANIC_ROCK_VOUCHER_9500;SEASHELLS;654.0;16
79800;;;VOLCANIC_ROCK_VOUCHER_9750;SEASHELLS;405.0;16
79900;;;VOLCANIC_ROCK_VOUCHER_10000;SEASHELLS;173.0;13
79900;;;VOLCANIC_ROCK_VOUCHER_10000;SEASHELLS;173.0;1
79900;;;VOLCANIC_ROCK_VOUCHER_10250;SEASHELLS;31.0;13
79900;;;VOLCANIC_ROCK_VOUCHER_10250;SEASHELLS;31.0;1
79900;;;VOLCANIC_ROCK_VOUCHER_10500;SEASHELLS;2.0;13
79900;;;VOLCANIC_ROCK_VOUCHER_10500;SEASHELLS;2.0;1
79900;;;VOLCANIC_ROCK_VOUCHER_9500;SEASHELLS;653.0;13
79900;;;VOLCANIC_ROCK_VOUCHER_9500;SEASHELLS;653.0;1
79900;;;VOLCANIC_ROCK_VOUCHER_9750;SEASHELLS;404.0;13
79900;;;VOLCANIC_ROCK_VOUCHER_9750;SEASHELLS;404.0;1
80000;;;DJEMBES;SEASHELLS;13294.0;5
80100;;;KELP;SEASHELLS;2044.0;1
80100;;;MAGNIFICENT_MACARONS;SEASHELLS;599.0;5
80100;;;VOLCANIC_ROCK_VOUCHER_10000;SEASHELLS;169.0;13
80100;;;VOLCANIC_ROCK_VOUCHER_10250;SEASHELLS;31.0;13
80100;;;VOLCANIC_ROCK_VOUCHER_10500;SEASHELLS;2.0;13
80100;;;VOLCANIC_ROCK_VOUCHER_9500;SEASHELLS;653.0;13
80100;;;VOLCANIC_ROCK_VOUCHER_9750;SEASHELLS;404.0;13
80200;;;CROISSANTS;SEASHELLS;4241.0;6
80300;;;KELP;SEASHELLS;2042.0;1
80300;;;SQUID_INK;SEASHELLS;1851.0;1
80300;;;VOLCANIC_ROCK_VOUCHER_10000;SEASHELLS;170.0;11
80300;;;VOLCANIC_ROCK_VOUCHER_10250;SEASHELLS;31.0;11
80300;;;VOLCANIC_ROCK_VOUCHER_10500;SEASHELLS;2.0;11
80300;;;VOLCANIC_ROCK_VOUCHER_9500;SEASHELLS;653.0;11
80300;;;VOLCANIC_ROCK_VOUCHER_9750;SEASHELLS;405.0;11
80400;;;DJEMBES;SEASHELLS;13293.0;3
80400;;;KELP;SEASHELLS;2042.0;1
80400;;;SQUID_INK;SEASHELLS;1850.0;1
80600;;;KELP;SEASHELLS;2041.0;9
80600;;;SQUID_INK;SEASHELLS;1849.0;9
80700;;;VOLCANIC_ROCK;SEASHELLS;10159.0;5
80800;;;CROISSANTS;SEASHELLS;4240.0;5
80800;;;JAMS;SEASHELLS;6518.0;4
81000;;;JAMS;SEASHELLS;6518.0;6
81000;;;KELP;SEASHELLS;2041.0;1
81000;;;KELP;SEASHELLS;2041.0;12
81000;;;SQUID_INK;SEASHELLS;1847.0;12
81100;;;CROISSANTS;SEASHELLS;4239.0;7
81300;;;DJEMBES;SEASHELLS;13292.0;3
81500;;;KELP;SEASHELLS;2042.0;1
81500;;;SQUID_INK;SEASHELLS;1847.0;1
82000;;;JAMS;SEASHELLS;6517.0;7
82100;;;DJEMBES;SEASHELLS;13292.0;5
82100;;;KELP;SEASHELLS;2041.0;3
82200;;;CROISSANTS;SEASHELLS;4237.0;6
82200;;;JAMS;SEASHELLS;6516.0;10
82200;;;KELP;SEASHELLS;2040.0;2
82200;;;RAINFOREST_RESIN;SEASHELLS;10008.0;6
82200;;;SQUID_INK;SEASHELLS;1846.0;2
82600;;;KELP;SEASHELLS;2041.0;2
82600;;;RAINFOREST_RESIN;SEASHELLS;10008.0;4
82600;;;SQUID_INK;SEASHELLS;1846.0;2
82700;;;DJEMBES;SEASHELLS;13292.0;4
83100;;;CROISSANTS;SEASHELLS;4238.0;8
83100;;;RAINFOREST_RESIN;SEASHELLS;9998.0;1
83100;;;RAINFOREST_RESIN;SEASHELLS;9998.0;3
83200;;;JAMS;SEASHELLS;6516.0;6
83200;;;VOLCANIC_ROCK_VOUCHER_10000;SEASHELLS;175.0;14
83200;;;VOLCANIC_ROCK_VOUCHER_10000;SEASHELLS;175.0;2
83200;;;VOLCANIC_ROCK_VOUCHER_10250;SEASHELLS;33.0;14
83200;;;VOLCANIC_ROCK_VOUCHER_10250;SEASHELLS;33.0;2
83200;;;VOLCANIC_ROCK_VOUCHER_10500;SEASHELLS;3.0;14
83200;;;VOLCANIC_ROCK_VOUCHER_10500;SEASHELLS;3.0;2
83200;;;VOLCANIC_ROCK_VOUCHER_9500;SEASHELLS;658.0;14
83200;;;VOLCANIC_ROCK_VOUCHER_9500;SEASHELLS;658.0;2
83200;;;VOLCANIC_ROCK_VOUCHER_9750;SEASHELLS;409.0;14
83200;;;VOLCANIC_ROCK_VOUCHER_9750;SEASHELLS;409.0;2
83300;;;KELP;SEASHELLS;2042.0;1
83300;;;KELP;SEASHELLS;2040.0;2
83300;;;RAINFOREST_RESIN;SEASHELLS;10008.0;6
83300;;;SQUID_INK;SEASHELLS;1849.0;1
83300;;;SQUID_INK;SEASHELLS;1847.0;2
83400;;;JAMS;SEASHELLS;6516.0;8
83400;;;KELP;SEASHELLS;2040.0;2
83400;;;SQUID_INK;SEASHELLS;1847.0;2
83500;;;CROISSANTS;SEASHELLS;4237.0;4
83500;;;DJEMBES;SEASHELLS;13295.0;5
83500;;;VOLCANIC_ROCK_VOUCHER_10000;SEASHELLS;181.0;12
83500;;;VOLCANIC_ROCK_VOUCHER_10250;SEASHELLS;34.0;12
83500;;;VOLCANIC_ROCK_VOUCHER_10500;SEASHELLS;3.0;12
83500;;;VOLCANIC_ROCK_VOUCHER_9500;SEASHELLS;664.0;12
83500;;;VOLCANIC_ROCK_VOUCHER_9750;SEASHELLS;415.0;12
83600;;;CROISSANTS;SEASHELLS;4237.0;6
83600;;;CROISSANTS;SEASHELLS;4237.0;5
83600;;;JAMS;SEASHELLS;6517.0;6
83900;;;MAGNIFICENT_MACARONS;SEASHELLS;609.0;5
84000;;;DJEMBES;SEASHELLS;13296.0;1
84000;;;PICNIC_BASKET1;SEASHELLS;58246.0;10
84000;;;PICNIC_BASKET2;SEASHELLS;30079.0;10
84000;;;VOLCANIC_ROCK_VOUCHER_10000;SEASHELLS;182.0;13
84000;;;VOLCANIC_ROCK_VOUCHER_10250;SEASHELLS;34.0;13
84000;;;VOLCANIC_ROCK_VOUCHER_10500;SEASHELLS;3.0;13
84000;;;VOLCANIC_ROCK_VOUCHER_9500;SEASHELLS;665.0;13
84000;;;VOLCANIC_ROCK_VOUCHER_9750;SEASHELLS;416.0;13
84100;;;MAGNIFICENT_MACARONS;SEASHELLS;603.0;2
84200;;;RAINFOREST_RESIN;SEASHELLS;9992.0;1
84300;;;KELP;SEASHELLS;2042.0;1
84300;;;KELP;SEASHELLS;2042.0;8
84300;;;SQUID_INK;SEASHELLS;1850.0;1
84500;;;DJEMBES;SEASHELLS;13295.0;4
84700;;;DJEMBES;SEASHELLS;13297.0;3
84800;;;RAINFOREST_RESIN;SEASHELLS;9997.0;6
85200;;;KELP;SEASHELLS;2042.0;1
85200;;;SQUID_INK;SEASHELLS;1848.0;1
85300;;;RAINFOREST_RESIN;SEASHELLS;9999.0;1
85400;;;RAINFOREST_RESIN;SEASHELLS;9992.0;5
85400;;;VOLCANIC_ROCK;SEASHELLS;10162.0;9
85500;;;RAINFOREST_RESIN;SEASHELLS;10001.0;1
85600;;;VOLCANIC_ROCK_VOUCHER_10000;SEASHELLS;182.0;16
85600;;;VOLCANIC_ROCK_VOUCHER_10250;SEASHELLS;34.0;16
85600;;;VOLCANIC_ROCK_VOUCHER_10500;SEASHELLS;3.0;16
85600;;;VOLCANIC_ROCK_VOUCHER_9500;SEASHELLS;664.0;16
85600;;;VOLCANIC_ROCK_VOUCHER_9750;SEASHELLS;416.0;16
85700;;;KELP;SEASHELLS;2043.0;1
85700;;;RAINFOREST_RESIN;SEASHELLS;9992.0;1
85700;;;SQUID_INK;SEASHELLS;1849.0;1
85800;;;CROISSANTS;SEASHELLS;4238.0;6
85800;;;RAINFOREST_RESIN;SEASHELLS;9992.0;1
85900;;;JAMS;SEASHELLS;6515.0;5
85900;;;KELP;SEASHELLS;2041.0;1
85900;;;SQUID_INK;SEASHELLS;1847.0;1
86000;;;RAINFOREST_RESIN;SEASHELLS;10001.0;1
86100;;;RAINFOREST_RESIN;SEASHELLS;9992.0;7
86200;;;CROISSANTS;SEASHELLS;4238.0;6
86200;;;CROISSANTS;SEASHELLS;4238.0;6
86300;;;DJEMBES;SEASHELLS;13293.0;1
86300;;;JAMS;SEASHELLS;6515.0;6
86400;;;KELP;SEASHELLS;2042.0;1
86400;;;SQUID_INK;SEASHELLS;1850.0;1
86800;;;KELP;SEASHELLS;2042.0;1
86800;;;SQUID_INK;SEASHELLS;1849.0;1
86900;;;KELP;SEASHELLS;2042.0;3
86900;;;SQUID_INK;SEASHELLS;1850.0;3
87100;;;KELP;SEASHELLS;2042.0;1
87100;;;SQUID_INK;SEASHELLS;1850.0;1
87300;;;RAINFOREST_RESIN;SEASHELLS;10002.0;5
87400;;;CROISSANTS;SEASHELLS;4239.0;5
87400;;;DJEMBES;SEASHELLS;13289.0;1
87400;;;JAMS;SEASHELLS;6516.0;8
87500;;;RAINFOREST_RESIN;SEASHELLS;9992.0;5
88100;;;CROISSANTS;SEASHELLS;4238.0;6
88100;;;PICNIC_BASKET1;SEASHELLS;58264.0;5
88100;;;PICNIC_BASKET2;SEASHELLS;30094.0;5
88300;;;KELP;SEASHELLS;2044.0;1
88300;;;SQUID_INK;SEASHELLS;1854.0;1
88400;;;VOLCANIC_ROCK;SEASHELLS;10170.0;2
88500;;;DJEMBES;SEASHELLS;13286.0;1
88600;;;DJEMBES;SEASHELLS;13286.0;2
88700;;;CROISSANTS;SEASHELLS;4238.0;6
88700;;;DJEMBES;SEASHELLS;13287.0;1
88700;;;JAMS;SEASHELLS;6514.0;8
88900;;;CROISSANTS;SEASHELLS;4239.0;7
89000;;;PICNIC_BASKET2;SEASHELLS;30087.0;1
89000;;;PICNIC_BASKET2;SEASHELLS;30087.0;6
89100;;;RAINFOREST_RESIN;SEASHELLS;9992.0;5
89200;;;JAMS;SEASHELLS;6514.0;10
89200;;;VOLCANIC_ROCK_VOUCHER_10000;SEASHELLS;192.0;17
89200;;;VOLCANIC_ROCK_VOUCHER_10000;SEASHELLS;192.0;2
89200;;;VOLCANIC_ROCK_VOUCHER_10250;SEASHELLS;38.0;17
89200;;;VOLCANIC_ROCK_VOUCHER_10250;SEASHELLS;38.0;2
89200;;;VOLCANIC_ROCK_VOUCHER_10500;SEASHELLS;3.0;17
89200;;;VOLCANIC_ROCK_VOUCHER_10500;SEASHELLS;3.0;2
89200;;;VOLCANIC_ROCK_VOUCHER_9750;SEASHELLS;427.0;17
89200;;;VOLCANIC_ROCK_VOUCHER_9750;SEASHELLS;427.0;2
89300;;;RAINFOREST_RESIN;SEASHELLS;10008.0;8
89400;;;KELP;SEASHELLS;2043.0;2
89400;;;SQUID_INK;SEASHELLS;1853.0;2
89500;;;DJEMBES;SEASHELLS;13284.0;1
89600;;;CROISSANTS;SEASHELLS;4239.0;5
89600;;;JAMS;SEASHELLS;6514.0;8
89700;;;DJEMBES;SEASHELLS;13284.0;5
89800;;;VOLCANIC_ROCK_VOUCHER_10000;SEASHELLS;192.0;14
89800;;;VOLCANIC_ROCK_VOUCHER_10250;SEASHELLS;39.0;14
89800;;;VOLCANIC_ROCK_VOUCHER_10500;SEASHELLS;3.0;14
89800;;;VOLCANIC_ROCK_VOUCHER_9500;SEASHELLS;679.0;14
89800;;;VOLCANIC_ROCK_VOUCHER_9750;SEASHELLS;430.0;14
89900;;;RAINFOREST_RESIN;SEASHELLS;10002.0;4
89900;;;VOLCANIC_ROCK_VOUCHER_10000;SEASHELLS;194.0;12
89900;;;VOLCANIC_ROCK_VOUCHER_10250;SEASHELLS;38.0;12
89900;;;VOLCANIC_ROCK_VOUCHER_10500;SEASHELLS;3.0;12
89900;;;VOLCANIC_ROCK_VOUCHER_9500;SEASHELLS;677.0;12
89900;;;VOLCANIC_ROCK_VOUCHER_9750;SEASHELLS;428.0;12
90000;;;KELP;SEASHELLS;2044.0;1
90000;;;KELP;SEASHELLS;2044.0;2
90000;;;SQUID_INK;SEASHELLS;1853.0;1
90000;;;SQUID_INK;SEASHELLS;1853.0;2
90100;;;RAINFOREST_RESIN;SEASHELLS;10003.0;6
90200;;;KELP;SEASHELLS;2042.0;6
90200;;;KELP;SEASHELLS;2042.0;9
90200;;;SQUID_INK;SEASHELLS;1851.0;6
90200;;;SQUID_INK;SEASHELLS;1851.0;9
90400;;;RAINFOREST_RESIN;SEASHELLS;9992.0;2
90500;;;MAGNIFICENT_MACARONS;SEASHELLS;623.0;7
90500;;;VOLCANIC_ROCK_VOUCHER_10000;SEASHELLS;191.0;11
90500;;;VOLCANIC_ROCK_VOUCHER_10250;SEASHELLS;37.0;11
90500;;;VOLCANIC_ROCK_VOUCHER_10500;SEASHELLS;3.0;11
90500;;;VOLCANIC_ROCK_VOUCHER_9500;SEASHELLS;675.0;11
90500;;;VOLCANIC_ROCK_VOUCHER_9750;SEASHELLS;426.0;11
90700;;;DJEMBES;SEASHELLS;13291.0;2
90700;;;KELP;SEASHELLS;2042.0;1
90700;;;RAINFOREST_RESIN;SEASHELLS;10001.0;1
90700;;;SQUID_INK;SEASHELLS;1852.0;1
90800;;;JAMS;SEASHELLS;6516.0;8
90800;;;KELP;SEASHELLS;2042.0;1
90800;;;RAINFOREST_RESIN;SEASHELLS;10008.0;8
90800;;;SQUID_INK;SEASHELLS;1852.0;1
91100;;;DJEMBES;SEASHELLS;13288.0;2
91100;;;KELP;SEASHELLS;2042.0;2
91100;;;SQUID_INK;SEASHELLS;1850.0;2
91200;;;PICNIC_BASKET1;SEASHELLS;58246.0;2
91200;;;PICNIC_BASKET1;SEASHELLS;58245.0;2
91200;;;PICNIC_BASKET2;SEASHELLS;30074.0;4
91300;;;VOLCANIC_ROCK;SEASHELLS;10173.0;10
91500;;;CROISSANTS;SEASHELLS;4240.0;8
91600;;;DJEMBES;SEASHELLS;13288.0;5
91600;;;RAINFOREST_RESIN;SEASHELLS;9992.0;7
91700;;;VOLCANIC_ROCK_VOUCHER_10000;SEASHELLS;192.0;12
91700;;;VOLCANIC_ROCK_VOUCHER_10000;SEASHELLS;192.0;1
91700;;;VOLCANIC_ROCK_VOUCHER_10250;SEASHELLS;38.0;12
91700;;;VOLCANIC_ROCK_VOUCHER_10250;SEASHELLS;38.0;1
91700;;;VOLCANIC_ROCK_VOUCHER_10500;SEASHELLS;3.0;12
91700;;;VOLCANIC_ROCK_VOUCHER_10500;SEASHELLS;3.0;1
91700;;;VOLCANIC_ROCK_VOUCHER_9500;SEASHELLS;675.0;12
91700;;;VOLCANIC_ROCK_VOUCHER_9500;SEASHELLS;675.0;1
91700;;;VOLCANIC_ROCK_VOUCHER_9750;SEASHELLS;426.0;12
91700;;;VOLCANIC_ROCK_VOUCHER_9750;SEASHELLS;426.0;1
91800;;;KELP;SEASHELLS;2043.0;2
91800;;;RAINFOREST_RESIN;SEASHELLS;10008.0;5
91800;;;RAINFOREST_RESIN;SEASHELLS;9992.0;1
91800;;;SQUID_INK;SEASHELLS;1847.0;2
91900;;;PICNIC_BASKET1;SEASHELLS;58239.0;1
91900;;;PICNIC_BASKET1;SEASHELLS;58239.0;5
91900;;;PICNIC_BASKET2;SEASHELLS;30084.0;6
91900;;;VOLCANIC_ROCK;SEASHELLS;10175.0;2
92000;;;JAMS;SEASHELLS;6516.0;4
92000;;;MAGNIFICENT_MACARONS;SEASHELLS;617.0;5
92000;;;RAINFOREST_RESIN;SEASHELLS;9992.0;2
92200;;;VOLCANIC_ROCK_VOUCHER_10000;SEASHELLS;191.0;13
92200;;;VOLCANIC_ROCK_VOUCHER_10000;SEASHELLS;191.0;1
92200;;;VOLCANIC_ROCK_VOUCHER_10250;SEASHELLS;37.0;13
92200;;;VOLCANIC_ROCK_VOUCHER_10250;SEASHELLS;37.0;1
92200;;;VOLCANIC_ROCK_VOUCHER_10500;SEASHELLS;3.0;13
92200;;;VOLCANIC_ROCK_VOUCHER_10500;SEASHELLS;3.0;1
92200;;;VOLCANIC_ROCK_VOUCHER_9500;SEASHELLS;675.0;13
92200;;;VOLCANIC_ROCK_VOUCHER_9500;SEASHELLS;675.0;1
92200;;;VOLCANIC_ROCK_VOUCHER_9750;SEASHELLS;426.0;13
92200;;;VOLCANIC_ROCK_VOUCHER_9750;SEASHELLS;426.0;1
92400;;;KELP;SEASHELLS;2044.0;2
92400;;;SQUID_INK;SEASHELLS;1848.0;2
92400;;;VOLCANIC_ROCK;SEASHELLS;10173.0;10
92600;;;DJEMBES;SEASHELLS;13287.0;4
92600;;;DJEMBES;SEASHELLS;13287.0;1
92800;;;DJEMBES;SEASHELLS;13289.0;1
92800;;;RAINFOREST_RESIN;SEASHELLS;10008.0;7
93100;;;KELP;SEASHELLS;2043.0;2
93100;;;SQUID_INK;SEASHELLS;1848.0;2
93200;;;DJEMBES;SEASHELLS;13287.0;3
93300;;;DJEMBES;SEASHELLS;13287.0;2
93300;;;KELP;SEASHELLS;2042.0;2
93300;;;SQUID_INK;SEASHELLS;1847.0;2
93400;;;CROISSANTS;SEASHELLS;4238.0;4
93400;;;PICNIC_BASKET1;SEASHELLS;58247.0;5
93400;;;PICNIC_BASKET2;SEASHELLS;30081.0;5
93600;;;JAMS;SEASHELLS;6516.0;3
93700;;;KELP;SEASHELLS;2043.0;1
93700;;;SQUID_INK;SEASHELLS;1847.0;1
93900;;;DJEMBES;SEASHELLS;13290.0;4
93900;;;KELP;SEASHELLS;2042.0;1
93900;;;SQUID_INK;SEASHELLS;1847.0;1
93900;;;SQUID_INK;SEASHELLS;1848.0;4
94300;;;CROISSANTS;SEASHELLS;4237.0;6
94500;;;JAMS;SEASHELLS;6516.0;8
94500;;;RAINFOREST_RESIN;SEASHELLS;10008.0;1
94600;;;JAMS;SEASHELLS;6516.0;4
94600;;;KELP;SEASHELLS;2045.0;1
94600;;;RAINFOREST_RESIN;SEASHELLS;9997.0;6
94600;;;SQUID_INK;SEASHELLS;1849.0;1
94800;;;JAMS;SEASHELLS;6516.0;10
94800;;;RAINFOREST_RESIN;SEASHELLS;9997.0;9
95000;;;PICNIC_BASKET1;SEASHELLS;58226.0;9
95000;;;PICNIC_BASKET2;SEASHELLS;30075.0;9
95000;;;RAINFOREST_RESIN;SEASHELLS;10008.0;2
95100;;;RAINFOREST_RESIN;SEASHELLS;9992.0;2
95100;;;RAINFOREST_RESIN;SEASHELLS;9999.0;1
95200;;;CROISSANTS;SEASHELLS;4237.0;5
95400;;;DJEMBES;SEASHELLS;13283.0;4
95400;;;KELP;SEASHELLS;2046.0;11
95400;;;SQUID_INK;SEASHELLS;1847.0;11
95600;;;RAINFOREST_RESIN;SEASHELLS;10008.0;6
95900;;;RAINFOREST_RESIN;SEASHELLS;10001.0;1
96100;;;RAINFOREST_RESIN;SEASHELLS;9992.0;2
96200;;;KELP;SEASHELLS;2043.0;1
96200;;;SQUID_INK;SEASHELLS;1842.0;1
96500;;;RAINFOREST_RESIN;SEASHELLS;9997.0;1
96900;;;KELP;SEASHELLS;2045.0;1
96900;;;SQUID_INK;SEASHELLS;1846.0;1
97100;;;PICNIC_BASKET1;SEASHELLS;58236.0;5
97100;;;PICNIC_BASKET2;SEASHELLS;30060.0;5
97100;;;VOLCANIC_ROCK_VOUCHER_10000;SEASHELLS;188.0;19
97100;;;VOLCANIC_ROCK_VOUCHER_10000;SEASHELLS;188.0;1
97100;;;VOLCANIC_ROCK_VOUCHER_10250;SEASHELLS;38.0;19
97100;;;VOLCANIC_ROCK_VOUCHER_10250;SEASHELLS;38.0;1
97100;;;VOLCANIC_ROCK_VOUCHER_10500;SEASHELLS;3.0;19
97100;;;VOLCANIC_ROCK_VOUCHER_10500;SEASHELLS;3.0;1
97100;;;VOLCANIC_ROCK_VOUCHER_9500;SEASHELLS;676.0;19
97100;;;VOLCANIC_ROCK_VOUCHER_9500;SEASHELLS;676.0;1
97100;;;VOLCANIC_ROCK_VOUCHER_9750;SEASHELLS;427.0;19
97100;;;VOLCANIC_ROCK_VOUCHER_9750;SEASHELLS;427.0;1
97500;;;JAMS;SEASHELLS;6518.0;10
97500;;;RAINFOREST_RESIN;SEASHELLS;10008.0;7
97500;;;VOLCANIC_ROCK;SEASHELLS;10177.0;3
97600;;;DJEMBES;SEASHELLS;13291.0;4
97600;;;VOLCANIC_ROCK_VOUCHER_10000;SEASHELLS;192.0;12
97600;;;VOLCANIC_ROCK_VOUCHER_10250;SEASHELLS;38.0;12
97600;;;VOLCANIC_ROCK_VOUCHER_10500;SEASHELLS;3.0;12
97600;;;VOLCANIC_ROCK_VOUCHER_9500;SEASHELLS;678.0;12
97600;;;VOLCANIC_ROCK_VOUCHER_9750;SEASHELLS;429.0;12
97700;;;KELP;SEASHELLS;2043.0;1
97700;;;KELP;SEASHELLS;2046.0;12
97700;;;KELP;SEASHELLS;2046.0;1
97700;;;SQUID_INK;SEASHELLS;1843.0;1
97700;;;SQUID_INK;SEASHELLS;1846.0;12
97700;;;SQUID_INK;SEASHELLS;1846.0;1
97800;;;DJEMBES;SEASHELLS;13291.0;1
97900;;;MAGNIFICENT_MACARONS;SEASHELLS;602.0;5
97900;;;MAGNIFICENT_MACARONS;SEASHELLS;602.0;1
97900;;;VOLCANIC_ROCK;SEASHELLS;10178.0;7
98000;;;VOLCANIC_ROCK_VOUCHER_10000;SEASHELLS;193.0;18
98000;;;VOLCANIC_ROCK_VOUCHER_9500;SEASHELLS;678.0;18
98000;;;VOLCANIC_ROCK_VOUCHER_9750;SEASHELLS;429.0;18
98100;;;DJEMBES;SEASHELLS;13291.0;7
98300;;;KELP;SEASHELLS;2043.0;5
98300;;;SQUID_INK;SEASHELLS;1846.0;5
98400;;;DJEMBES;SEASHELLS;13291.0;5
98500;;;RAINFOREST_RESIN;SEASHELLS;9992.0;2
98600;;;CROISSANTS;SEASHELLS;4235.0;7
98600;;;JAMS;SEASHELLS;6516.0;10
98600;;;RAINFOREST_RESIN;SEASHELLS;9998.0;4
98600;;;VOLCANIC_ROCK;SEASHELLS;10180.0;7
98700;;;KELP;SEASHELLS;2043.0;2
98700;;;RAINFOREST_RESIN;SEASHELLS;9992.0;4
98700;;;SQUID_INK;SEASHELLS;1847.0;2
98900;;;CROISSANTS;SEASHELLS;4235.0;6
98900;;;KELP;SEASHELLS;2045.0;1
98900;;;SQUID_INK;SEASHELLS;1850.0;1
98900;;;VOLCANIC_ROCK_VOUCHER_10000;SEASHELLS;193.0;15
98900;;;VOLCANIC_ROCK_VOUCHER_10250;SEASHELLS;39.0;15
98900;;;VOLCANIC_ROCK_VOUCHER_10500;SEASHELLS;3.0;15
98900;;;VOLCANIC_ROCK_VOUCHER_9500;SEASHELLS;681.0;15
98900;;;VOLCANIC_ROCK_VOUCHER_9750;SEASHELLS;431.0;15
99000;;;VOLCANIC_ROCK;SEASHELLS;10180.0;10
99100;;;KELP;SEASHELLS;2043.0;1
99100;;;SQUID_INK;SEASHELLS;1848.0;1
99300;;;KELP;SEASHELLS;2046.0;9
99300;;;SQUID_INK;SEASHELLS;1851.0;9
99400;;;RAINFOREST_RESIN;SEASHELLS;9998.0;4
99500;;;DJEMBES;SEASHELLS;13293.0;2
99500;;;JAMS;SEASHELLS;6516.0;8
99700;;;KELP;SEASHELLS;2043.0;1
99700;;;SQUID_INK;SEASHELLS;1849.0;1
99700;;;VOLCANIC_ROCK_VOUCHER_10000;SEASHELLS;187.0;10
99700;;;VOLCANIC_ROCK_VOUCHER_10250;SEASHELLS;37.0;10
99700;;;VOLCANIC_ROCK_VOUCHER_10500;SEASHELLS;3.0;10
99700;;;VOLCANIC_ROCK_VOUCHER_9500;SEASHELLS;674.0;10
99700;;;VOLCANIC_ROCK_VOUCHER_9750;SEASHELLS;425.0;10
99800;;;VOLCANIC_ROCK;SEASHELLS;10175.0;8
99900;;;CROISSANTS;SEASHELLS;4237.0;7
100100;;;KELP;SEASHELLS;2047.0;1
100100;;;SQUID_INK;SEASHELLS;1853.0;1
100200;;;RAINFOREST_RESIN;SEASHELLS;9992.0;5
100200;;;RAINFOREST_RESIN;SEASHELLS;9992.0;5
100300;;;VOLCANIC_ROCK_VOUCHER_10000;SEASHELLS;191.0;10
100300;;;VOLCANIC_ROCK_VOUCHER_10250;SEASHELLS;38.0;10
100300;;;VOLCANIC_ROCK_VOUCHER_10500;SEASHELLS;3.0;10
100300;;;VOLCANIC_ROCK_VOUCHER_9500;SEASHELLS;677.0;10
100300;;;VOLCANIC_ROCK_VOUCHER_9750;SEASHELLS;427.0;10
100400;;;KELP;SEASHELLS;2047.0;8
100400;;;SQUID_INK;SEASHELLS;1853.0;8
100500;;;RAINFOREST_RESIN;SEASHELLS;9997.0;8
100600;;;SQUID_INK;SEASHELLS;1852.0;5
100800;;;JAMS;SEASHELLS;6517.0;5
101000;;;KELP;SEASHELLS;2043.0;12
101000;;;SQUID_INK;SEASHELLS;1851.0;12
101100;;;KELP;SEASHELLS;2044.0;2
101100;;;SQUID_INK;SEASHELLS;1852.0;2
101200;;;CROISSANTS;SEASHELLS;4240.0;5
101300;;;KELP;SEASHELLS;2044.0;1
101300;;;RAINFOREST_RESIN;SEASHELLS;10001.0;1
101300;;;SQUID_INK;SEASHELLS;1852.0;1
101400;;;KELP;SEASHELLS;2047.0;12
101400;;;RAINFOREST_RESIN;SEASHELLS;10000.0;2
101400;;;SQUID_INK;SEASHELLS;1854.0;12
101500;;;DJEMBES;SEASHELLS;13288.0;4
101500;;;VOLCANIC_ROCK;SEASHELLS;10172.0;2
101500;;;VOLCANIC_ROCK_VOUCHER_10000;SEASHELLS;187.0;16
101500;;;VOLCANIC_ROCK_VOUCHER_10250;SEASHELLS;37.0;16
101500;;;VOLCANIC_ROCK_VOUCHER_10500;SEASHELLS;3.0;16
101500;;;VOLCANIC_ROCK_VOUCHER_9500;SEASHELLS;673.0;16
101500;;;VOLCANIC_ROCK_VOUCHER_9750;SEASHELLS;424.0;16
101700;;;RAINFOREST_RESIN;SEASHELLS;10002.0;2
101700;;;RAINFOREST_RESIN;SEASHELLS;10002.0;1
101900;;;CROISSANTS;SEASHELLS;4239.0;8
101900;;;KELP;SEASHELLS;2044.0;4
101900;;;KELP;SEASHELLS;2047.0;15
101900;;;SQUID_INK;SEASHELLS;1852.0;4
101900;;;SQUID_INK;SEASHELLS;1855.0;15
102000;;;KELP;SEASHELLS;2044.0;1
102000;;;PICNIC_BASKET1;SEASHELLS;58253.0;1
102000;;;PICNIC_BASKET1;SEASHELLS;58252.0;4
102000;;;PICNIC_BASKET2;SEASHELLS;30065.0;5
102000;;;SQUID_INK;SEASHELLS;1853.0;1
102100;;;JAMS;SEASHELLS;6516.0;6
102300;;;VOLCANIC_ROCK_VOUCHER_10000;SEASHELLS;183.0;18
102300;;;VOLCANIC_ROCK_VOUCHER_10000;SEASHELLS;183.0;1
102300;;;VOLCANIC_ROCK_VOUCHER_10250;SEASHELLS;35.0;18
102300;;;VOLCANIC_ROCK_VOUCHER_10250;SEASHELLS;35.0;1
102300;;;VOLCANIC_ROCK_VOUCHER_10500;SEASHELLS;3.0;18
102300;;;VOLCANIC_ROCK_VOUCHER_10500;SEASHELLS;3.0;1
102300;;;VOLCANIC_ROCK_VOUCHER_9500;SEASHELLS;668.0;18
102300;;;VOLCANIC_ROCK_VOUCHER_9500;SEASHELLS;668.0;1
102300;;;VOLCANIC_ROCK_VOUCHER_9750;SEASHELLS;419.0;18
102300;;;VOLCANIC_ROCK_VOUCHER_9750;SEASHELLS;419.0;1
102400;;;PICNIC_BASKET1;SEASHELLS;58270.0;2
102400;;;PICNIC_BASKET2;SEASHELLS;30073.0;6
102500;;;CROISSANTS;SEASHELLS;4241.0;8
102500;;;KELP;SEASHELLS;2043.0;1
102500;;;SQUID_INK;SEASHELLS;1853.0;1
102600;;;VOLCANIC_ROCK;SEASHELLS;10172.0;6
102800;;;DJEMBES;SEASHELLS;13289.0;3
102800;;;VOLCANIC_ROCK_VOUCHER_10000;SEASHELLS;188.0;11
102800;;;VOLCANIC_ROCK_VOUCHER_10000;SEASHELLS;188.0;2
102800;;;VOLCANIC_ROCK_VOUCHER_9500;SEASHELLS;673.0;11
102800;;;VOLCANIC_ROCK_VOUCHER_9500;SEASHELLS;673.0;2
102800;;;VOLCANIC_ROCK_VOUCHER_9750;SEASHELLS;424.0;11
102800;;;VOLCANIC_ROCK_VOUCHER_9750;SEASHELLS;424.0;2
102900;;;VOLCANIC_ROCK_VOUCHER_10000;SEASHELLS;192.0;14
102900;;;VOLCANIC_ROCK_VOUCHER_10000;SEASHELLS;192.0;1
102900;;;VOLCANIC_ROCK_VOUCHER_10000;SEASHELLS;192.0;3
102900;;;VOLCANIC_ROCK_VOUCHER_9500;SEASHELLS;675.0;14
102900;;;VOLCANIC_ROCK_VOUCHER_9500;SEASHELLS;675.0;1
102900;;;VOLCANIC_ROCK_VOUCHER_9500;SEASHELLS;675.0;3
102900;;;VOLCANIC_ROCK_VOUCHER_9750;SEASHELLS;426.0;14
102900;;;VOLCANIC_ROCK_VOUCHER_9750;SEASHELLS;426.0;1
102900;;;VOLCANIC_ROCK_VOUCHER_9750;SEASHELLS;426.0;3
103000;;;DJEMBES;SEASHELLS;13288.0;2
103100;;;CROISSANTS;SEASHELLS;4240.0;9
103300;;;RAINFOREST_RESIN;SEASHELLS;9998.0;5
103400;;;CROISSANTS;SEASHELLS;4240.0;7
103400;;;KELP;SEASHELLS;2047.0;9
103400;;;SQUID_INK;SEASHELLS;1855.0;9
103500;;;RAINFOREST_RESIN;SEASHELLS;10000.0;4
103600;;;DJEMBES;SEASHELLS;13287.0;4
103700;;;RAINFOREST_RESIN;SEASHELLS;10001.0;1
103900;;;JAMS;SEASHELLS;6518.0;9
103900;;;KELP;SEASHELLS;2043.0;4
103900;;;KELP;SEASHELLS;2046.0;1
103900;;;SQUID_INK;SEASHELLS;1853.0;4
103900;;;SQUID_INK;SEASHELLS;1856.0;1
104000;;;MAGNIFICENT_MACARONS;SEASHELLS;574.0;4
104100;;;CROISSANTS;SEASHELLS;4242.0;5
104100;;;KELP;SEASHELLS;2043.0;8
104100;;;SQUID_INK;SEASHELLS;1853.0;8
104100;;;VOLCANIC_ROCK;SEASHELLS;10167.0;10
104200;;;KELP;SEASHELLS;2043.0;1
104200;;;SQUID_INK;SEASHELLS;1853.0;1
104300;;;JAMS;SEASHELLS;6519.0;8
104300;;;KELP;SEASHELLS;2045.0;1
104300;;;SQUID_INK;SEASHELLS;1855.0;1
104300;;;VOLCANIC_ROCK_VOUCHER_10000;SEASHELLS;187.0;18
104300;;;VOLCANIC_ROCK_VOUCHER_10250;SEASHELLS;36.0;18
104300;;;VOLCANIC_ROCK_VOUCHER_10500;SEASHELLS;3.0;18
104300;;;VOLCANIC_ROCK_VOUCHER_9500;SEASHELLS;671.0;18
104300;;;VOLCANIC_ROCK_VOUCHER_9750;SEASHELLS;423.0;18
104400;;;CROISSANTS;SEASHELLS;4241.0;8
104400;;;JAMS;SEASHELLS;6519.0;4
104500;;;RAINFOREST_RESIN;SEASHELLS;9992.0;2
104600;;;DJEMBES;SEASHELLS;13290.0;4
104700;;;KELP;SEASHELLS;2043.0;1
104700;;;RAINFOREST_RESIN;SEASHELLS;9992.0;8
104700;;;SQUID_INK;SEASHELLS;1854.0;1
104800;;;CROISSANTS;SEASHELLS;4241.0;6
104800;;;JAMS;SEASHELLS;6520.0;4
104900;;;RAINFOREST_RESIN;SEASHELLS;10008.0;5
105000;;;DJEMBES;SEASHELLS;13288.0;4
105000;;;VOLCANIC_ROCK_VOUCHER_10000;SEASHELLS;181.0;13
105000;;;VOLCANIC_ROCK_VOUCHER_10250;SEASHELLS;34.0;13
105000;;;VOLCANIC_ROCK_VOUCHER_10500;SEASHELLS;3.0;13
105000;;;VOLCANIC_ROCK_VOUCHER_9750;SEASHELLS;417.0;13
105300;;;KELP;SEASHELLS;2044.0;8
105300;;;KELP;SEASHELLS;2047.0;2
105300;;;SQUID_INK;SEASHELLS;1854.0;8
105300;;;SQUID_INK;SEASHELLS;1858.0;2
105400;;;KELP;SEASHELLS;2044.0;11
105400;;;SQUID_INK;SEASHELLS;1854.0;11
105500;;;DJEMBES;SEASHELLS;13289.0;1
105500;;;SQUID_INK;SEASHELLS;1856.0;4
105600;;;KELP;SEASHELLS;2044.0;1
105600;;;RAINFOREST_RESIN;SEASHELLS;9992.0;4
105600;;;SQUID_INK;SEASHELLS;1854.0;1
105800;;;KELP;SEASHELLS;2048.0;1
105800;;;RAINFOREST_RESIN;SEASHELLS;9992.0;5
105800;;;SQUID_INK;SEASHELLS;1858.0;1
106100;;;JAMS;SEASHELLS;6519.0;10
106200;;;VOLCANIC_ROCK_VOUCHER_10000;SEASHELLS;179.0;16
106200;;;VOLCANIC_ROCK_VOUCHER_10250;SEASHELLS;34.0;16
106200;;;VOLCANIC_ROCK_VOUCHER_10500;SEASHELLS;3.0;16
106200;;;VOLCANIC_ROCK_VOUCHER_9500;SEASHELLS;664.0;16
106200;;;VOLCANIC_ROCK_VOUCHER_9750;SEASHELLS;415.0;16
106300;;;KELP;SEASHELLS;2044.0;1
106300;;;SQUID_INK;SEASHELLS;1855.0;1
106400;;;DJEMBES;SEASHELLS;13290.0;5
106400;;;VOLCANIC_ROCK_VOUCHER_10000;SEASHELLS;181.0;13
106400;;;VOLCANIC_ROCK_VOUCHER_10000;SEASHELLS;181.0;1
106400;;;VOLCANIC_ROCK_VOUCHER_10250;SEASHELLS;34.0;13
106400;;;VOLCANIC_ROCK_VOUCHER_10250;SEASHELLS;34.0;1
106400;;;VOLCANIC_ROCK_VOUCHER_10500;SEASHELLS;3.0;13
106400;;;VOLCANIC_ROCK_VOUCHER_10500;SEASHELLS;3.0;1
106400;;;VOLCANIC_ROCK_VOUCHER_9500;SEASHELLS;665.0;13
106400;;;VOLCANIC_ROCK_VOUCHER_9500;SEASHELLS;665.0;1
106400;;;VOLCANIC_ROCK_VOUCHER_9750;SEASHELLS;416.0;13
106400;;;VOLCANIC_ROCK_VOUCHER_9750;SEASHELLS;416.0;1
106500;;;KELP;SEASHELLS;2044.0;1
106500;;;RAINFOREST_RESIN;SEASHELLS;9999.0;1
106500;;;SQUID_INK;SEASHELLS;1854.0;1
106600;;;CROISSANTS;SEASHELLS;4240.0;6
106700;;;VOLCANIC_ROCK;SEASHELLS;10168.0;10
106800;;;RAINFOREST_RESIN;SEASHELLS;9999.0;1
106900;;;DJEMBES;SEASHELLS;13288.0;5
107000;;;KELP;SEASHELLS;2044.0;1
107000;;;SQUID_INK;SEASHELLS;1854.0;1
107100;;;CROISSANTS;SEASHELLS;4240.0;7
107300;;;KELP;SEASHELLS;2044.0;5
107300;;;RAINFOREST_RESIN;SEASHELLS;10008.0;1
107300;;;SQUID_INK;SEASHELLS;1854.0;5
107300;;;VOLCANIC_ROCK_VOUCHER_10000;SEASHELLS;187.0;12
107300;;;VOLCANIC_ROCK_VOUCHER_10250;SEASHELLS;36.0;12
107300;;;VOLCANIC_ROCK_VOUCHER_10500;SEASHELLS;3.0;12
107300;;;VOLCANIC_ROCK_VOUCHER_9500;SEASHELLS;670.0;12
107300;;;VOLCANIC_ROCK_VOUCHER_9750;SEASHELLS;421.0;12
107400;;;KELP;SEASHELLS;2043.0;1
107400;;;RAINFOREST_RESIN;SEASHELLS;9992.0;6
107400;;;SQUID_INK;SEASHELLS;1854.0;1
107700;;;KELP;SEASHELLS;2043.0;1
107700;;;SQUID_INK;SEASHELLS;1853.0;1
107900;;;JAMS;SEASHELLS;6519.0;8
108000;;;JAMS;SEASHELLS;6517.0;4
108000;;;KELP;SEASHELLS;2045.0;1
108000;;;SQUID_INK;SEASHELLS;1855.0;1
108200;;;CROISSANTS;SEASHELLS;4238.0;8
108200;;;KELP;SEASHELLS;2044.0;1
108200;;;PICNIC_BASKET1;SEASHELLS;58314.0;1
108200;;;RAINFOREST_RESIN;SEASHELLS;10008.0;6
108200;;;SQUID_INK;SEASHELLS;1852.0;1
108400;;;CROISSANTS;SEASHELLS;4239.0;7
108500;;;VOLCANIC_ROCK;SEASHELLS;10171.0;6
108500;;;VOLCANIC_ROCK;SEASHELLS;10172.0;6
108600;;;JAMS;SEASHELLS;6519.0;6
108600;;;RAINFOREST_RESIN;SEASHELLS;9992.0;2
109000;;;KELP;SEASHELLS;2046.0;1
109000;;;RAINFOREST_RESIN;SEASHELLS;9992.0;10
109000;;;SQUID_INK;SEASHELLS;1854.0;1
109000;;;VOLCANIC_ROCK;SEASHELLS;10168.0;5
109200;;;RAINFOREST_RESIN;SEASHELLS;10008.0;1
109300;;;KELP;SEASHELLS;2046.0;1
109300;;;SQUID_INK;SEASHELLS;1854.0;1
109400;;;CROISSANTS;SEASHELLS;4238.0;4
109400;;;JAMS;SEASHELLS;6519.0;8
109500;;;DJEMBES;SEASHELLS;13289.0;1
109500;;;JAMS;SEASHELLS;6518.0;3
109600;;;RAINFOREST_RESIN;SEASHELLS;10008.0;8
109700;;;KELP;SEASHELLS;2044.0;12
109700;;;SQUID_INK;SEASHELLS;1852.0;12
109800;;;DJEMBES;SEASHELLS;13290.0;3
110100;;;PICNIC_BASKET1;SEASHELLS;58300.0;1
110100;;;PICNIC_BASKET2;SEASHELLS;30061.0;7
110300;;;VOLCANIC_ROCK_VOUCHER_10000;SEASHELLS;180.0;15
110300;;;VOLCANIC_ROCK_VOUCHER_10000;SEASHELLS;180.0;1
110300;;;VOLCANIC_ROCK_VOUCHER_10250;SEASHELLS;35.0;15
110300;;;VOLCANIC_ROCK_VOUCHER_10250;SEASHELLS;35.0;1
110300;;;VOLCANIC_ROCK_VOUCHER_9500;SEASHELLS;666.0;15
110300;;;VOLCANIC_ROCK_VOUCHER_9500;SEASHELLS;666.0;1
110300;;;VOLCANIC_ROCK_VOUCHER_9750;SEASHELLS;417.0;15
110300;;;VOLCANIC_ROCK_VOUCHER_9750;SEASHELLS;417.0;1
110400;;;PICNIC_BASKET1;SEASHELLS;58305.0;6
110400;;;PICNIC_BASKET2;SEASHELLS;30064.0;6
110600;;;VOLCANIC_ROCK_VOUCHER_10000;SEASHELLS;181.0;16
110600;;;VOLCANIC_ROCK_VOUCHER_10250;SEASHELLS;35.0;16
110600;;;VOLCANIC_ROCK_VOUCHER_10500;SEASHELLS;3.0;16
110600;;;VOLCANIC_ROCK_VOUCHER_9500;SEASHELLS;666.0;16
110600;;;VOLCANIC_ROCK_VOUCHER_9750;SEASHELLS;417.0;16
110700;;;MAGNIFICENT_MACARONS;SEASHELLS;567.0;4
110800;;;DJEMBES;SEASHELLS;13293.0;3
111100;;;RAINFOREST_RESIN;SEASHELLS;9992.0;2
111300;;;DJEMBES;SEASHELLS;13293.0;5
111300;;;KELP;SEASHELLS;2047.0;1
111300;;;SQUID_INK;SEASHELLS;1853.0;1
111400;;;KELP;SEASHELLS;2044.0;1
111400;;;PICNIC_BASKET1;SEASHELLS;58310.0;2
111400;;;PICNIC_BASKET2;SEASHELLS;30064.0;2
111400;;;SQUID_INK;SEASHELLS;1848.0;1
111500;;;KELP;SEASHELLS;2046.0;1
111500;;;RAINFOREST_RESIN;SEASHELLS;9992.0;4
111500;;;SQUID_INK;SEASHELLS;1850.0;1
111600;;;VOLCANIC_ROCK_VOUCHER_10000;SEASHELLS;181.0;10
111600;;;VOLCANIC_ROCK_VOUCHER_9500;SEASHELLS;666.0;10
111600;;;VOLCANIC_ROCK_VOUCHER_9750;SEASHELLS;417.0;10
111900;;;KELP;SEASHELLS;2046.0;1
111900;;;SQUID_INK;SEASHELLS;1848.0;1
112000;;;RAINFOREST_RESIN;SEASHELLS;9999.0;1
112000;;;VOLCANIC_ROCK;SEASHELLS;10162.0;8
112100;;;KELP;SEASHELLS;2044.0;1
112100;;;SQUID_INK;SEASHELLS;1847.0;1
112300;;;VOLCANIC_ROCK_VOUCHER_10000;SEASHELLS;177.0;15
112300;;;VOLCANIC_ROCK_VOUCHER_10000;SEASHELLS;177.0;1
112300;;;VOLCANIC_ROCK_VOUCHER_9500;SEASHELLS;662.0;15
112300;;;VOLCANIC_ROCK_VOUCHER_9500;SEASHELLS;662.0;1
112300;;;VOLCANIC_ROCK_VOUCHER_9750;SEASHELLS;413.0;15
112300;;;VOLCANIC_ROCK_VOUCHER_9750;SEASHELLS;413.0;1
112400;;;DJEMBES;SEASHELLS;13292.0;4
112400;;;PICNIC_BASKET1;SEASHELLS;58322.0;1
112400;;;PICNIC_BASKET2;SEASHELLS;30071.0;1
112500;;;RAINFOREST_RESIN;SEASHELLS;9997.0;2
112500;;;VOLCANIC_ROCK_VOUCHER_10000;SEASHELLS;181.0;10
112500;;;VOLCANIC_ROCK_VOUCHER_10250;SEASHELLS;34.0;10
112500;;;VOLCANIC_ROCK_VOUCHER_9500;SEASHELLS;663.0;10
112500;;;VOLCANIC_ROCK_VOUCHER_9750;SEASHELLS;414.0;10
112700;;;CROISSANTS;SEASHELLS;4240.0;6
112700;;;JAMS;SEASHELLS;6518.0;3
112700;;;MAGNIFICENT_MACARONS;SEASHELLS;567.0;4
112800;;;CROISSANTS;SEASHELLS;4240.0;5
112800;;;RAINFOREST_RESIN;SEASHELLS;10008.0;4
112900;;;JAMS;SEASHELLS;6518.0;9
113200;;;JAMS;SEASHELLS;6520.0;8
113300;;;DJEMBES;SEASHELLS;13293.0;11
113300;;;DJEMBES;SEASHELLS;13295.0;4
113300;;;KELP;SEASHELLS;2046.0;1
113300;;;SQUID_INK;SEASHELLS;1850.0;1
113500;;;JAMS;SEASHELLS;6520.0;5
113600;;;PICNIC_BASKET1;SEASHELLS;58320.0;8
113600;;;PICNIC_BASKET2;SEASHELLS;30072.0;8
113700;;;KELP;SEASHELLS;2046.0;1
113700;;;SQUID_INK;SEASHELLS;1850.0;1
113900;;;RAINFOREST_RESIN;SEASHELLS;10000.0;5
114000;;;RAINFOREST_RESIN;SEASHELLS;9992.0;4
114200;;;VOLCANIC_ROCK;SEASHELLS;10165.0;8
114500;;;PICNIC_BASKET1;SEASHELLS;58321.0;2
114500;;;PICNIC_BASKET1;SEASHELLS;58321.0;1
114500;;;PICNIC_BASKET2;SEASHELLS;30080.0;2
114500;;;PICNIC_BASKET2;SEASHELLS;30080.0;1
114500;;;RAINFOREST_RESIN;SEASHELLS;10001.0;1
114700;;;KELP;SEASHELLS;2044.0;1
114700;;;RAINFOREST_RESIN;SEASHELLS;10008.0;2
114700;;;RAINFOREST_RESIN;SEASHELLS;10001.0;1
114700;;;SQUID_INK;SEASHELLS;1852.0;1
114800;;;CROISSANTS;SEASHELLS;4243.0;7
114900;;;VOLCANIC_ROCK;SEASHELLS;10168.0;2
114900;;;VOLCANIC_ROCK_VOUCHER_10000;SEASHELLS;183.0;14
114900;;;VOLCANIC_ROCK_VOUCHER_10250;SEASHELLS;35.0;14
114900;;;VOLCANIC_ROCK_VOUCHER_10500;SEASHELLS;3.0;14
114900;;;VOLCANIC_ROCK_VOUCHER_9500;SEASHELLS;667.0;14
114900;;;VOLCANIC_ROCK_VOUCHER_9750;SEASHELLS;419.0;14
115000;;;RAINFOREST_RESIN;SEASHELLS;10008.0;2
115300;;;VOLCANIC_ROCK_VOUCHER_10000;SEASHELLS;178.0;10
115300;;;VOLCANIC_ROCK_VOUCHER_10000;SEASHELLS;178.0;1
115300;;;VOLCANIC_ROCK_VOUCHER_10250;SEASHELLS;33.0;10
115300;;;VOLCANIC_ROCK_VOUCHER_10250;SEASHELLS;33.0;1
115300;;;VOLCANIC_ROCK_VOUCHER_10500;SEASHELLS;3.0;10
115300;;;VOLCANIC_ROCK_VOUCHER_10500;SEASHELLS;3.0;1
115300;;;VOLCANIC_ROCK_VOUCHER_9500;SEASHELLS;663.0;10
115300;;;VOLCANIC_ROCK_VOUCHER_9500;SEASHELLS;663.0;1
115300;;;VOLCANIC_ROCK_VOUCHER_9750;SEASHELLS;413.0;10
115300;;;VOLCANIC_ROCK_VOUCHER_9750;SEASHELLS;413.0;1
115400;;;DJEMBES;SEASHELLS;13291.0;5
115400;;;DJEMBES;SEASHELLS;13291.0;4
115400;;;VOLCANIC_ROCK_VOUCHER_10000;SEASHELLS;182.0;11
115400;;;VOLCANIC_ROCK_VOUCHER_10250;SEASHELLS;34.0;11
115400;;;VOLCANIC_ROCK_VOUCHER_10500;SEASHELLS;3.0;11
115400;;;VOLCANIC_ROCK_VOUCHER_9500;SEASHELLS;663.0;11
115400;;;VOLCANIC_ROCK_VOUCHER_9750;SEASHELLS;414.0;11
115500;;;KELP;SEASHELLS;2044.0;1
115500;;;RAINFOREST_RESIN;SEASHELLS;9997.0;8
115500;;;RAINFOREST_RESIN;SEASHELLS;9999.0;1
115500;;;SQUID_INK;SEASHELLS;1852.0;1
115600;;;JAMS;SEASHELLS;6519.0;5
115700;;;JAMS;SEASHELLS;6519.0;11
115800;;;JAMS;SEASHELLS;6521.0;9
115900;;;SQUID_INK;SEASHELLS;1852.0;4
116000;;;JAMS;SEASHELLS;6521.0;4
116100;;;JAMS;SEASHELLS;6519.0;9
116100;;;KELP;SEASHELLS;2047.0;12
116100;;;SQUID_INK;SEASHELLS;1854.0;12
116200;;;DJEMBES;SEASHELLS;13290.0;1
116500;;;DJEMBES;SEASHELLS;13288.0;2
116600;;;RAINFOREST_RESIN;SEASHELLS;9992.0;5
116700;;;RAINFOREST_RESIN;SEASHELLS;10002.0;3
116800;;;RAINFOREST_RESIN;SEASHELLS;9992.0;2
116900;;;RAINFOREST_RESIN;SEASHELLS;10008.0;7
117100;;;KELP;SEASHELLS;2043.0;2
117200;;;JAMS;SEASHELLS;6521.0;5
117300;;;JAMS;SEASHELLS;6521.0;8
117300;;;RAINFOREST_RESIN;SEASHELLS;10001.0;1
117300;;;VOLCANIC_ROCK;SEASHELLS;10160.0;1
117400;;;RAINFOREST_RESIN;SEASHELLS;9998.0;4
117500;;;RAINFOREST_RESIN;SEASHELLS;10002.0;3
117600;;;RAINFOREST_RESIN;SEASHELLS;9999.0;1
118100;;;JAMS;SEASHELLS;6521.0;4
118400;;;CROISSANTS;SEASHELLS;4242.0;7
118400;;;RAINFOREST_RESIN;SEASHELLS;9999.0;1
118500;;;KELP;SEASHELLS;2044.0;1
118600;;;VOLCANIC_ROCK_VOUCHER_10000;SEASHELLS;183.0;11
118600;;;VOLCANIC_ROCK_VOUCHER_10000;SEASHELLS;184.0;16
118600;;;VOLCANIC_ROCK_VOUCHER_10250;SEASHELLS;35.0;11
118600;;;VOLCANIC_ROCK_VOUCHER_10500;SEASHELLS;3.0;11
118600;;;VOLCANIC_ROCK_VOUCHER_9500;SEASHELLS;666.0;11
118600;;;VOLCANIC_ROCK_VOUCHER_9500;SEASHELLS;667.0;16
118600;;;VOLCANIC_ROCK_VOUCHER_9750;SEASHELLS;417.0;11
118600;;;VOLCANIC_ROCK_VOUCHER_9750;SEASHELLS;418.0;16
118800;;;CROISSANTS;SEASHELLS;4243.0;8
118900;;;RAINFOREST_RESIN;SEASHELLS;10008.0;6
119100;;;JAMS;SEASHELLS;6521.0;6
119200;;;KELP;SEASHELLS;2044.0;1
119400;;;KELP;SEASHELLS;2044.0;1
119400;;;SQUID_INK;SEASHELLS;1855.0;1
119600;;;JAMS;SEASHELLS;6519.0;9
119600;;;PICNIC_BASKET1;SEASHELLS;58346.0;1
119600;;;PICNIC_BASKET2;SEASHELLS;30080.0;1
119700;;;JAMS;SEASHELLS;6518.0;6
119800;;;CROISSANTS;SEASHELLS;4243.0;7
119800;;;VOLCANIC_ROCK;SEASHELLS;10163.0;5
119900;;;VOLCANIC_ROCK_VOUCHER_10000;SEASHELLS;178.0;10
119900;;;VOLCANIC_ROCK_VOUCHER_10000;SEASHELLS;178.0;2
119900;;;VOLCANIC_ROCK_VOUCHER_10250;SEASHELLS;33.0;10
119900;;;VOLCANIC_ROCK_VOUCHER_10250;SEASHELLS;33.0;2
119900;;;VOLCANIC_ROCK_VOUCHER_10500;SEASHELLS;3.0;10
119900;;;VOLCANIC_ROCK_VOUCHER_10500;SEASHELLS;3.0;2
119900;;;VOLCANIC_ROCK_VOUCHER_9500;SEASHELLS;662.0;10
119900;;;VOLCANIC_ROCK_VOUCHER_9500;SEASHELLS;662.0;2
119900;;;VOLCANIC_ROCK_VOUCHER_9750;SEASHELLS;413.0;10
119900;;;VOLCANIC_ROCK_VOUCHER_9750;SEASHELLS;413.0;2
120000;;;DJEMBES;SEASHELLS;13292.0;1
120100;;;KELP;SEASHELLS;2042.0;2
120100;;;SQUID_INK;SEASHELLS;1855.0;2
120200;;;DJEMBES;SEASHELLS;13293.0;5
120400;;;KELP;SEASHELLS;2042.0;1
120400;;;SQUID_INK;SEASHELLS;1855.0;1
120400;;;VOLCANIC_ROCK;SEASHELLS;10159.0;9
120500;;;KELP;SEASHELLS;2044.0;1
120500;;;SQUID_INK;SEASHELLS;1856.0;1
120600;;;JAMS;SEASHELLS;6519.0;3
120600;;;KELP;SEASHELLS;2044.0;5
120600;;;SQUID_INK;SEASHELLS;1856.0;5
120800;;;CROISSANTS;SEASHELLS;4243.0;5
120800;;;RAINFOREST_RESIN;SEASHELLS;9998.0;3
120900;;;MAGNIFICENT_MACARONS;SEASHELLS;563.0;6
121000;;;JAMS;SEASHELLS;6519.0;8
121000;;;VOLCANIC_ROCK;SEASHELLS;10164.0;10
121100;;;CROISSANTS;SEASHELLS;4242.0;8
121100;;;DJEMBES;SEASHELLS;13294.0;1
121200;;;JAMS;SEASHELLS;6519.0;3
121300;;;DJEMBES;SEASHELLS;13294.0;4
121500;;;KELP;SEASHELLS;2044.0;2
121500;;;RAINFOREST_RESIN;SEASHELLS;10001.0;1
121500;;;SQUID_INK;SEASHELLS;1854.0;2
121800;;;KELP;SEASHELLS;2043.0;5
121800;;;SQUID_INK;SEASHELLS;1853.0;5
121800;;;VOLCANIC_ROCK_VOUCHER_10000;SEASHELLS;181.0;16
121800;;;VOLCANIC_ROCK_VOUCHER_10250;SEASHELLS;34.0;16
121800;;;VOLCANIC_ROCK_VOUCHER_10500;SEASHELLS;3.0;16
121800;;;VOLCANIC_ROCK_VOUCHER_9500;SEASHELLS;665.0;16
121800;;;VOLCANIC_ROCK_VOUCHER_9750;SEASHELLS;416.0;16
122000;;;DJEMBES;SEASHELLS;13292.0;4
122100;;;DJEMBES;SEASHELLS;13292.0;5
122100;;;KELP;SEASHELLS;2046.0;2
122100;;;SQUID_INK;SEASHELLS;1856.0;2
122300;;;DJEMBES;SEASHELLS;13292.0;2
122300;;;JAMS;SEASHELLS;6519.0;4
122300;;;VOLCANIC_ROCK;SEASHELLS;10164.0;7
122400;;;RAINFOREST_RESIN;SEASHELLS;10008.0;4
122600;;;KELP;SEASHELLS;2045.0;1
122600;;;SQUID_INK;SEASHELLS;1854.0;1
122900;;;KELP;SEASHELLS;2044.0;4
122900;;;SQUID_INK;SEASHELLS;1853.0;4
123000;;;DJEMBES;SEASHELLS;13294.0;1
123100;;;JAMS;SEASHELLS;6518.0;7
123300;;;CROISSANTS;SEASHELLS;4239.0;6
123300;;;JAMS;SEASHELLS;6519.0;7
123300;;;PICNIC_BASKET2;SEASHELLS;30073.0;1
123700;;;CROISSANTS;SEASHELLS;4239.0;8
123700;;;CROISSANTS;SEASHELLS;4239.0;7
123800;;;VOLCANIC_ROCK_VOUCHER_10000;SEASHELLS;187.0;15
123800;;;VOLCANIC_ROCK_VOUCHER_10250;SEASHELLS;37.0;15
123800;;;VOLCANIC_ROCK_VOUCHER_10500;SEASHELLS;3.0;15
123800;;;VOLCANIC_ROCK_VOUCHER_9500;SEASHELLS;673.0;15
123800;;;VOLCANIC_ROCK_VOUCHER_9750;SEASHELLS;424.0;15
124100;;;CROISSANTS;SEASHELLS;4240.0;8
124100;;;DJEMBES;SEASHELLS;13294.0;5
124100;;;KELP;SEASHELLS;2042.0;1
124100;;;SQUID_INK;SEASHELLS;1850.0;1
124200;;;KELP;SEASHELLS;2044.0;1
124200;;;RAINFOREST_RESIN;SEASHELLS;9997.0;3
124200;;;SQUID_INK;SEASHELLS;1852.0;1
124200;;;VOLCANIC_ROCK_VOUCHER_10000;SEASHELLS;193.0;19
124200;;;VOLCANIC_ROCK_VOUCHER_10250;SEASHELLS;38.0;19
124200;;;VOLCANIC_ROCK_VOUCHER_10500;SEASHELLS;3.0;19
124200;;;VOLCANIC_ROCK_VOUCHER_9500;SEASHELLS;679.0;19
124200;;;VOLCANIC_ROCK_VOUCHER_9750;SEASHELLS;430.0;19
124400;;;KELP;SEASHELLS;2044.0;1
124400;;;SQUID_INK;SEASHELLS;1852.0;1
124400;;;VOLCANIC_ROCK_VOUCHER_10000;SEASHELLS;191.0;10
124400;;;VOLCANIC_ROCK_VOUCHER_10250;SEASHELLS;38.0;10
124400;;;VOLCANIC_ROCK_VOUCHER_10500;SEASHELLS;3.0;10
124400;;;VOLCANIC_ROCK_VOUCHER_9500;SEASHELLS;678.0;10
124400;;;VOLCANIC_ROCK_VOUCHER_9750;SEASHELLS;429.0;10
124600;;;JAMS;SEASHELLS;6518.0;4
124600;;;SQUID_INK;SEASHELLS;1852.0;1
124600;;;VOLCANIC_ROCK;SEASHELLS;10177.0;9
124600;;;VOLCANIC_ROCK_VOUCHER_10000;SEASHELLS;190.0;11
124600;;;VOLCANIC_ROCK_VOUCHER_10250;SEASHELLS;38.0;11
124600;;;VOLCANIC_ROCK_VOUCHER_10500;SEASHELLS;3.0;11
124600;;;VOLCANIC_ROCK_VOUCHER_9500;SEASHELLS;677.0;11
124600;;;VOLCANIC_ROCK_VOUCHER_9750;SEASHELLS;428.0;11
124800;;;VOLCANIC_ROCK_VOUCHER_10000;SEASHELLS;193.0;5
124800;;;VOLCANIC_ROCK_VOUCHER_10250;SEASHELLS;38.0;5
124800;;;VOLCANIC_ROCK_VOUCHER_10500;SEASHELLS;3.0;5
124800;;;VOLCANIC_ROCK_VOUCHER_9500;SEASHELLS;679.0;5
124800;;;VOLCANIC_ROCK_VOUCHER_9750;SEASHELLS;430.0;5
124900;;;KELP;SEASHELLS;2042.0;1
124900;;;MAGNIFICENT_MACARONS;SEASHELLS;550.0;6
124900;;;SQUID_INK;SEASHELLS;1850.0;1
124900;;;VOLCANIC_ROCK_VOUCHER_10000;SEASHELLS;194.0;11
124900;;;VOLCANIC_ROCK_VOUCHER_10250;SEASHELLS;39.0;11
124900;;;VOLCANIC_ROCK_VOUCHER_10500;SEASHELLS;3.0;11
124900;;;VOLCANIC_ROCK_VOUCHER_9500;SEASHELLS;681.0;11
125000;;;VOLCANIC_ROCK_VOUCHER_10000;SEASHELLS;193.0;15
125000;;;VOLCANIC_ROCK_VOUCHER_10250;SEASHELLS;39.0;15
125000;;;VOLCANIC_ROCK_VOUCHER_10500;SEASHELLS;3.0;15
125000;;;VOLCANIC_ROCK_VOUCHER_9500;SEASHELLS;680.0;15
125000;;;VOLCANIC_ROCK_VOUCHER_9750;SEASHELLS;431.0;15
125100;;;KELP;SEASHELLS;2042.0;2
125100;;;MAGNIFICENT_MACARONS;SEASHELLS;549.0;5
125100;;;SQUID_INK;SEASHELLS;1849.0;2
125200;;;JAMS;SEASHELLS;6519.0;6
125200;;;KELP;SEASHELLS;2042.0;1
125200;;;SQUID_INK;SEASHELLS;1849.0;1
125400;;;VOLCANIC_ROCK;SEASHELLS;10179.0;9
125500;;;RAINFOREST_RESIN;SEASHELLS;9999.0;1
125700;;;KELP;SEASHELLS;2042.0;2
125700;;;SQUID_INK;SEASHELLS;1850.0;2
125700;;;VOLCANIC_ROCK;SEASHELLS;10183.0;9
125800;;;KELP;SEASHELLS;2042.0;1
125800;;;SQUID_INK;SEASHELLS;1851.0;1
125900;;;DJEMBES;SEASHELLS;13290.0;3
125900;;;KELP;SEASHELLS;2043.0;5
125900;;;RAINFOREST_RESIN;SEASHELLS;10008.0;2
125900;;;SQUID_INK;SEASHELLS;1852.0;5
126000;;;KELP;SEASHELLS;2042.0;2
126000;;;SQUID_INK;SEASHELLS;1850.0;2
126300;;;MAGNIFICENT_MACARONS;SEASHELLS;547.0;6
126500;;;DJEMBES;SEASHELLS;13287.0;1
126800;;;PICNIC_BASKET1;SEASHELLS;58304.0;1
126800;;;PICNIC_BASKET2;SEASHELLS;30066.0;8
126800;;;VOLCANIC_ROCK_VOUCHER_10000;SEASHELLS;194.0;20
126800;;;VOLCANIC_ROCK_VOUCHER_10250;SEASHELLS;39.0;20
126800;;;VOLCANIC_ROCK_VOUCHER_10500;SEASHELLS;3.0;20
126800;;;VOLCANIC_ROCK_VOUCHER_9500;SEASHELLS;682.0;20
126800;;;VOLCANIC_ROCK_VOUCHER_9750;SEASHELLS;433.0;20
126900;;;JAMS;SEASHELLS;6520.0;5
127100;;;JAMS;SEASHELLS;6520.0;8
