timestamp;buyer;seller;symbol;currency;price;quantity
0;;;RAINFOREST_RESIN;SEASHELLS;10008.0;6
100;;;KELP;SEASHELLS;2034.0;1
100;;;RAINFOREST_RESIN;SEASHELLS;9992.0;2
100;;;SQUID_INK;SEASHELLS;1838.0;1
200;;;JAMS;SEASHELLS;6542.0;11
200;;;JAMS;SEASHELLS;6543.0;9
200;;;KELP;SEASHELLS;2035.0;1
200;;;SQUID_INK;SEASHELLS;1842.0;1
300;;;KELP;SEASHELLS;2034.0;1
300;;;RAINFOREST_RESIN;SEASHELLS;10001.0;1
300;;;SQUID_INK;SEASHELLS;1843.0;1
500;;;KELP;SEASHELLS;2034.0;1
500;;;SQUID_INK;SEASHELLS;1840.0;1
600;;;KELP;SEASHELLS;2033.0;5
600;;;RAINFOREST_RESIN;SEASHELLS;9997.0;3
600;;;SQUID_INK;SEASHELLS;1840.0;5
700;;;JAMS;SEASHELLS;6542.0;6
700;;;KELP;SEASHELLS;2032.0;1
700;;;SQUID_INK;SEASHELLS;1834.0;1
800;;;KELP;SEASHELLS;2032.0;1
800;;;SQUID_INK;SEASHELLS;1833.0;1
900;;;VOLCANIC_ROCK_VOUCHER_10000;SEASHELLS;518.0;12
900;;;VOLCANIC_ROCK_VOUCHER_10000;SEASHELLS;518.0;1
900;;;VOLCANIC_ROCK_VOUCHER_10250;SEASHELLS;279.0;12
900;;;VOLCANIC_ROCK_VOUCHER_10250;SEASHELLS;279.0;1
900;;;VOLCANIC_ROCK_VOUCHER_10500;SEASHELLS;95.0;12
900;;;VOLCANIC_ROCK_VOUCHER_10500;SEASHELLS;95.0;1
900;;;VOLCANIC_ROCK_VOUCHER_9500;SEASHELLS;1016.0;12
900;;;VOLCANIC_ROCK_VOUCHER_9500;SEASHELLS;1016.0;1
900;;;VOLCANIC_ROCK_VOUCHER_9750;SEASHELLS;767.0;12
900;;;VOLCANIC_ROCK_VOUCHER_9750;SEASHELLS;767.0;1
1000;;;CROISSANTS;SEASHELLS;4275.0;7
1000;;;DJEMBES;SEASHELLS;13413.0;4
1100;;;DJEMBES;SEASHELLS;13414.0;5
1100;;;VOLCANIC_ROCK_VOUCHER_10000;SEASHELLS;519.0;14
1100;;;VOLCANIC_ROCK_VOUCHER_10000;SEASHELLS;519.0;1
1100;;;VOLCANIC_ROCK_VOUCHER_10250;SEASHELLS;280.0;14
1100;;;VOLCANIC_ROCK_VOUCHER_10250;SEASHELLS;280.0;1
1100;;;VOLCANIC_ROCK_VOUCHER_10500;SEASHELLS;96.0;14
1100;;;VOLCANIC_ROCK_VOUCHER_10500;SEASHELLS;96.0;1
1100;;;VOLCANIC_ROCK_VOUCHER_9500;SEASHELLS;1017.0;14
1100;;;VOLCANIC_ROCK_VOUCHER_9500;SEASHELLS;1017.0;1
1100;;;VOLCANIC_ROCK_VOUCHER_9750;SEASHELLS;768.0;14
1100;;;VOLCANIC_ROCK_VOUCHER_9750;SEASHELLS;768.0;1
1200;;;KELP;SEASHELLS;2032.0;1
1200;;;SQUID_INK;SEASHELLS;1837.0;1
1400;;;CROISSANTS;SEASHELLS;4273.0;6
1400;;;KELP;SEASHELLS;2033.0;6
1400;;;RAINFOREST_RESIN;SEASHELLS;10001.0;1
1400;;;SQUID_INK;SEASHELLS;1842.0;6
1500;;;DJEMBES;SEASHELLS;13412.0;7
1500;;;JAMS;SEASHELLS;6542.0;10
1500;;;JAMS;SEASHELLS;6542.0;8
1500;;;KELP;SEASHELLS;2034.0;1
1600;;;JAMS;SEASHELLS;6542.0;4
1700;;;JAMS;SEASHELLS;6542.0;8
1800;;;RAINFOREST_RESIN;SEASHELLS;10002.0;3
1900;;;DJEMBES;SEASHELLS;13414.0;2
1900;;;KELP;SEASHELLS;2032.0;1
1900;;;SQUID_INK;SEASHELLS;1847.0;1
1900;;;VOLCANIC_ROCK_VOUCHER_10000;SEASHELLS;515.0;16
1900;;;VOLCANIC_ROCK_VOUCHER_10250;SEASHELLS;277.0;16
1900;;;VOLCANIC_ROCK_VOUCHER_10500;SEASHELLS;94.0;16
1900;;;VOLCANIC_ROCK_VOUCHER_9500;SEASHELLS;1014.0;16
1900;;;VOLCANIC_ROCK_VOUCHER_9750;SEASHELLS;764.0;16
2000;;;VOLCANIC_ROCK_VOUCHER_10000;SEASHELLS;516.0;14
2000;;;VOLCANIC_ROCK_VOUCHER_10250;SEASHELLS;278.0;14
2000;;;VOLCANIC_ROCK_VOUCHER_10500;SEASHELLS;94.0;14
2000;;;VOLCANIC_ROCK_VOUCHER_9750;SEASHELLS;765.0;14
2100;;;DJEMBES;SEASHELLS;13414.0;8
2100;;;RAINFOREST_RESIN;SEASHELLS;9992.0;4
2200;;;DJEMBES;SEASHELLS;13415.0;3
2300;;;PICNIC_BASKET1;SEASHELLS;58678.0;2
2300;;;PICNIC_BASKET1;SEASHELLS;58678.0;1
2300;;;PICNIC_BASKET2;SEASHELLS;30238.0;2
2300;;;PICNIC_BASKET2;SEASHELLS;30237.0;1
2400;;;CROISSANTS;SEASHELLS;4273.0;7
2500;;;RAINFOREST_RESIN;SEASHELLS;10008.0;5
2700;;;DJEMBES;SEASHELLS;13416.0;5
3000;;;KELP;SEASHELLS;2035.0;1
3000;;;SQUID_INK;SEASHELLS;1855.0;1
3200;;;RAINFOREST_RESIN;SEASHELLS;10003.0;4
3200;;;RAINFOREST_RESIN;SEASHELLS;10003.0;3
3300;;;CROISSANTS;SEASHELLS;4274.0;7
3500;;;DJEMBES;SEASHELLS;13415.0;2
3600;;;CROISSANTS;SEASHELLS;4275.0;5
3700;;;RAINFOREST_RESIN;SEASHELLS;9999.0;1
3900;;;VOLCANIC_ROCK_VOUCHER_10000;SEASHELLS;508.0;10
3900;;;VOLCANIC_ROCK_VOUCHER_10000;SEASHELLS;508.0;2
3900;;;VOLCANIC_ROCK_VOUCHER_10250;SEASHELLS;271.0;10
3900;;;VOLCANIC_ROCK_VOUCHER_10250;SEASHELLS;271.0;2
3900;;;VOLCANIC_ROCK_VOUCHER_10500;SEASHELLS;90.0;10
3900;;;VOLCANIC_ROCK_VOUCHER_10500;SEASHELLS;90.0;2
3900;;;VOLCANIC_ROCK_VOUCHER_9500;SEASHELLS;1007.0;10
3900;;;VOLCANIC_ROCK_VOUCHER_9500;SEASHELLS;1007.0;2
3900;;;VOLCANIC_ROCK_VOUCHER_9750;SEASHELLS;757.0;10
3900;;;VOLCANIC_ROCK_VOUCHER_9750;SEASHELLS;757.0;2
4000;;;KELP;SEASHELLS;2033.0;1
4200;;;VOLCANIC_ROCK_VOUCHER_10000;SEASHELLS;512.0;13
4200;;;VOLCANIC_ROCK_VOUCHER_10000;SEASHELLS;512.0;1
4200;;;VOLCANIC_ROCK_VOUCHER_10250;SEASHELLS;274.0;13
4200;;;VOLCANIC_ROCK_VOUCHER_10250;SEASHELLS;274.0;1
4200;;;VOLCANIC_ROCK_VOUCHER_10500;SEASHELLS;93.0;13
4200;;;VOLCANIC_ROCK_VOUCHER_10500;SEASHELLS;93.0;1
4200;;;VOLCANIC_ROCK_VOUCHER_9500;SEASHELLS;1011.0;13
4200;;;VOLCANIC_ROCK_VOUCHER_9500;SEASHELLS;1011.0;1
4200;;;VOLCANIC_ROCK_VOUCHER_9750;SEASHELLS;761.0;13
4200;;;VOLCANIC_ROCK_VOUCHER_9750;SEASHELLS;761.0;1
4300;;;KELP;SEASHELLS;2033.0;2
4300;;;SQUID_INK;SEASHELLS;1854.0;2
4300;;;VOLCANIC_ROCK_VOUCHER_10250;SEASHELLS;271.0;18
4300;;;VOLCANIC_ROCK_VOUCHER_10500;SEASHELLS;90.0;18
4300;;;VOLCANIC_ROCK_VOUCHER_9500;SEASHELLS;1007.0;18
4300;;;VOLCANIC_ROCK_VOUCHER_9750;SEASHELLS;757.0;18
4600;;;JAMS;SEASHELLS;6542.0;9
4600;;;JAMS;SEASHELLS;6544.0;5
4800;;;RAINFOREST_RESIN;SEASHELLS;9999.0;1
4900;;;CROISSANTS;SEASHELLS;4271.0;4
4900;;;VOLCANIC_ROCK_VOUCHER_10000;SEASHELLS;504.0;10
4900;;;VOLCANIC_ROCK_VOUCHER_10000;SEASHELLS;504.0;2
4900;;;VOLCANIC_ROCK_VOUCHER_10250;SEASHELLS;267.0;10
4900;;;VOLCANIC_ROCK_VOUCHER_10250;SEASHELLS;267.0;2
4900;;;VOLCANIC_ROCK_VOUCHER_10500;SEASHELLS;88.0;10
4900;;;VOLCANIC_ROCK_VOUCHER_10500;SEASHELLS;88.0;2
4900;;;VOLCANIC_ROCK_VOUCHER_9500;SEASHELLS;1003.0;10
4900;;;VOLCANIC_ROCK_VOUCHER_9500;SEASHELLS;1003.0;2
4900;;;VOLCANIC_ROCK_VOUCHER_9750;SEASHELLS;753.0;10
4900;;;VOLCANIC_ROCK_VOUCHER_9750;SEASHELLS;753.0;2
5200;;;KELP;SEASHELLS;2033.0;5
5200;;;KELP;SEASHELLS;2033.0;4
5200;;;SQUID_INK;SEASHELLS;1854.0;5
5200;;;SQUID_INK;SEASHELLS;1854.0;4
5300;;;RAINFOREST_RESIN;SEASHELLS;9992.0;6
5400;;;KELP;SEASHELLS;2036.0;1
5400;;;SQUID_INK;SEASHELLS;1856.0;1
5500;;;JAMS;SEASHELLS;6540.0;9
5500;;;SQUID_INK;SEASHELLS;1854.0;8
5600;;;PICNIC_BASKET1;SEASHELLS;58649.0;2
5600;;;PICNIC_BASKET2;SEASHELLS;30233.0;2
6000;;;RAINFOREST_RESIN;SEASHELLS;10008.0;7
6100;;;JAMS;SEASHELLS;6540.0;4
6200;;;KELP;SEASHELLS;2035.0;1
6200;;;SQUID_INK;SEASHELLS;1855.0;1
6300;;;KELP;SEASHELLS;2036.0;11
6300;;;SQUID_INK;SEASHELLS;1858.0;11
6500;;;RAINFOREST_RESIN;SEASHELLS;10002.0;3
6500;;;VOLCANIC_ROCK_VOUCHER_10000;SEASHELLS;513.0;9
6500;;;VOLCANIC_ROCK_VOUCHER_10250;SEASHELLS;275.0;9
6500;;;VOLCANIC_ROCK_VOUCHER_10500;SEASHELLS;93.0;9
6500;;;VOLCANIC_ROCK_VOUCHER_9500;SEASHELLS;1012.0;9
6500;;;VOLCANIC_ROCK_VOUCHER_9750;SEASHELLS;762.0;9
6600;;;KELP;SEASHELLS;2033.0;2
6600;;;KELP;SEASHELLS;2033.0;5
6600;;;RAINFOREST_RESIN;SEASHELLS;9992.0;4
6600;;;SQUID_INK;SEASHELLS;1857.0;2
6600;;;SQUID_INK;SEASHELLS;1857.0;5
6700;;;DJEMBES;SEASHELLS;13413.0;6
6700;;;JAMS;SEASHELLS;6541.0;9
6700;;;KELP;SEASHELLS;2035.0;1
6700;;;SQUID_INK;SEASHELLS;1859.0;1
6800;;;CROISSANTS;SEASHELLS;4271.0;5
6800;;;KELP;SEASHELLS;2033.0;1
6800;;;RAINFOREST_RESIN;SEASHELLS;9992.0;6
6800;;;SQUID_INK;SEASHELLS;1857.0;1
6800;;;VOLCANIC_ROCK_VOUCHER_10000;SEASHELLS;513.0;11
6800;;;VOLCANIC_ROCK_VOUCHER_10250;SEASHELLS;275.0;11
6800;;;VOLCANIC_ROCK_VOUCHER_10500;SEASHELLS;93.0;11
6800;;;VOLCANIC_ROCK_VOUCHER_9500;SEASHELLS;1012.0;11
6800;;;VOLCANIC_ROCK_VOUCHER_9750;SEASHELLS;762.0;11
6900;;;DJEMBES;SEASHELLS;13414.0;8
6900;;;DJEMBES;SEASHELLS;13414.0;5
6900;;;RAINFOREST_RESIN;SEASHELLS;9992.0;6
6900;;;RAINFOREST_RESIN;SEASHELLS;10008.0;1
7400;;;DJEMBES;SEASHELLS;13415.0;1
7400;;;KELP;SEASHELLS;2036.0;13
7400;;;RAINFOREST_RESIN;SEASHELLS;9992.0;2
7400;;;SQUID_INK;SEASHELLS;1863.0;13
7500;;;SQUID_INK;SEASHELLS;1861.0;3
7600;;;CROISSANTS;SEASHELLS;4270.0;9
7600;;;VOLCANIC_ROCK;SEASHELLS;10511.0;7
7700;;;JAMS;SEASHELLS;6541.0;10
7900;;;VOLCANIC_ROCK_VOUCHER_10000;SEASHELLS;514.0;11
7900;;;VOLCANIC_ROCK_VOUCHER_10000;SEASHELLS;514.0;2
7900;;;VOLCANIC_ROCK_VOUCHER_10250;SEASHELLS;275.0;11
7900;;;VOLCANIC_ROCK_VOUCHER_10250;SEASHELLS;275.0;2
7900;;;VOLCANIC_ROCK_VOUCHER_10500;SEASHELLS;93.0;11
7900;;;VOLCANIC_ROCK_VOUCHER_10500;SEASHELLS;93.0;2
7900;;;VOLCANIC_ROCK_VOUCHER_9500;SEASHELLS;1012.0;11
7900;;;VOLCANIC_ROCK_VOUCHER_9500;SEASHELLS;1012.0;2
7900;;;VOLCANIC_ROCK_VOUCHER_9750;SEASHELLS;762.0;11
7900;;;VOLCANIC_ROCK_VOUCHER_9750;SEASHELLS;762.0;2
8000;;;CROISSANTS;SEASHELLS;4270.0;6
8000;;;KELP;SEASHELLS;2035.0;1
8000;;;SQUID_INK;SEASHELLS;1863.0;1
8100;;;DJEMBES;SEASHELLS;13413.0;5
8100;;;RAINFOREST_RESIN;SEASHELLS;10008.0;8
8200;;;JAMS;SEASHELLS;6538.0;5
8200;;;KELP;SEASHELLS;2033.0;1
8200;;;SQUID_INK;SEASHELLS;1862.0;1
8400;;;RAINFOREST_RESIN;SEASHELLS;10002.0;1
8400;;;RAINFOREST_RESIN;SEASHELLS;10002.0;1
8400;;;RAINFOREST_RESIN;SEASHELLS;10002.0;3
8500;;;JAMS;SEASHELLS;6538.0;3
8600;;;CROISSANTS;SEASHELLS;4270.0;5
8900;;;VOLCANIC_ROCK;SEASHELLS;10510.0;6
8900;;;VOLCANIC_ROCK_VOUCHER_10000;SEASHELLS;512.0;11
8900;;;VOLCANIC_ROCK_VOUCHER_10250;SEASHELLS;274.0;11
8900;;;VOLCANIC_ROCK_VOUCHER_10500;SEASHELLS;92.0;11
8900;;;VOLCANIC_ROCK_VOUCHER_9500;SEASHELLS;1010.0;11
9100;;;JAMS;SEASHELLS;6541.0;5
9300;;;CROISSANTS;SEASHELLS;4271.0;7
9300;;;DJEMBES;SEASHELLS;13410.0;5
9300;;;RAINFOREST_RESIN;SEASHELLS;10003.0;11
9300;;;VOLCANIC_ROCK;SEASHELLS;10509.0;6
9400;;;JAMS;SEASHELLS;6539.0;9
9500;;;CROISSANTS;SEASHELLS;4271.0;5
9500;;;DJEMBES;SEASHELLS;13412.0;4
9900;;;RAINFOREST_RESIN;SEASHELLS;10001.0;1
10200;;;JAMS;SEASHELLS;6538.0;7
10300;;;KELP;SEASHELLS;2036.0;1
10300;;;SQUID_INK;SEASHELLS;1871.0;1
10400;;;RAINFOREST_RESIN;SEASHELLS;9999.0;1
10500;;;DJEMBES;SEASHELLS;13412.0;5
10500;;;RAINFOREST_RESIN;SEASHELLS;10008.0;1
10500;;;VOLCANIC_ROCK_VOUCHER_10000;SEASHELLS;503.0;17
10500;;;VOLCANIC_ROCK_VOUCHER_10250;SEASHELLS;266.0;17
10500;;;VOLCANIC_ROCK_VOUCHER_10500;SEASHELLS;88.0;17
10500;;;VOLCANIC_ROCK_VOUCHER_9500;SEASHELLS;1002.0;17
10500;;;VOLCANIC_ROCK_VOUCHER_9750;SEASHELLS;752.0;17
10600;;;KELP;SEASHELLS;2033.0;4
10600;;;SQUID_INK;SEASHELLS;1870.0;4
10800;;;CROISSANTS;SEASHELLS;4270.0;6
10800;;;KELP;SEASHELLS;2033.0;6
10800;;;RAINFOREST_RESIN;SEASHELLS;9992.0;6
10800;;;SQUID_INK;SEASHELLS;1872.0;6
10900;;;VOLCANIC_ROCK;SEASHELLS;10505.0;10
11800;;;KELP;SEASHELLS;2032.0;4
11800;;;SQUID_INK;SEASHELLS;1869.0;4
11900;;;JAMS;SEASHELLS;6541.0;7
12100;;;RAINFOREST_RESIN;SEASHELLS;9992.0;8
12200;;;DJEMBES;SEASHELLS;13414.0;1
12400;;;JAMS;SEASHELLS;6543.0;7
12500;;;VOLCANIC_ROCK;SEASHELLS;10502.0;10
12700;;;CROISSANTS;SEASHELLS;4267.0;10
12700;;;RAINFOREST_RESIN;SEASHELLS;10008.0;7
13100;;;JAMS;SEASHELLS;6544.0;9
13100;;;KELP;SEASHELLS;2033.0;2
13200;;;DJEMBES;SEASHELLS;13415.0;8
13200;;;DJEMBES;SEASHELLS;13415.0;5
13300;;;CROISSANTS;SEASHELLS;4267.0;7
13400;;;DJEMBES;SEASHELLS;13416.0;5
13400;;;PICNIC_BASKET2;SEASHELLS;30232.0;1
13400;;;RAINFOREST_RESIN;SEASHELLS;10001.0;1
13700;;;JAMS;SEASHELLS;6541.0;12
13800;;;PICNIC_BASKET2;SEASHELLS;30226.0;2
13900;;;SQUID_INK;SEASHELLS;1867.0;3
14000;;;KELP;SEASHELLS;2032.0;1
14000;;;RAINFOREST_RESIN;SEASHELLS;10003.0;4
14000;;;SQUID_INK;SEASHELLS;1867.0;1
14100;;;KELP;SEASHELLS;2032.0;15
14100;;;SQUID_INK;SEASHELLS;1867.0;15
14400;;;KELP;SEASHELLS;2032.0;1
14400;;;KELP;SEASHELLS;2032.0;2
14400;;;SQUID_INK;SEASHELLS;1869.0;1
14400;;;SQUID_INK;SEASHELLS;1869.0;2
14400;;;VOLCANIC_ROCK;SEASHELLS;10501.0;9
14500;;;VOLCANIC_ROCK_VOUCHER_10000;SEASHELLS;504.0;11
14500;;;VOLCANIC_ROCK_VOUCHER_10250;SEASHELLS;267.0;11
14500;;;VOLCANIC_ROCK_VOUCHER_10500;SEASHELLS;88.0;11
14500;;;VOLCANIC_ROCK_VOUCHER_9500;SEASHELLS;1002.0;11
14500;;;VOLCANIC_ROCK_VOUCHER_9750;SEASHELLS;753.0;11
14600;;;KELP;SEASHELLS;2033.0;1
14600;;;SQUID_INK;SEASHELLS;1867.0;1
14600;;;VOLCANIC_ROCK_VOUCHER_10000;SEASHELLS;501.0;11
14600;;;VOLCANIC_ROCK_VOUCHER_10250;SEASHELLS;264.0;11
14600;;;VOLCANIC_ROCK_VOUCHER_10500;SEASHELLS;87.0;11
14600;;;VOLCANIC_ROCK_VOUCHER_9500;SEASHELLS;999.0;11
14600;;;VOLCANIC_ROCK_VOUCHER_9750;SEASHELLS;750.0;11
14700;;;JAMS;SEASHELLS;6540.0;3
14800;;;RAINFOREST_RESIN;SEASHELLS;9992.0;2
14900;;;DJEMBES;SEASHELLS;13416.0;5
15000;;;KELP;SEASHELLS;2032.0;1
15000;;;SQUID_INK;SEASHELLS;1868.0;1
15100;;;JAMS;SEASHELLS;6541.0;4
15300;;;DJEMBES;SEASHELLS;13417.0;4
15300;;;RAINFOREST_RESIN;SEASHELLS;10002.0;1
15300;;;VOLCANIC_ROCK_VOUCHER_10000;SEASHELLS;498.0;14
15300;;;VOLCANIC_ROCK_VOUCHER_10250;SEASHELLS;262.0;14
15300;;;VOLCANIC_ROCK_VOUCHER_10500;SEASHELLS;85.0;14
15300;;;VOLCANIC_ROCK_VOUCHER_9500;SEASHELLS;997.0;14
15300;;;VOLCANIC_ROCK_VOUCHER_9750;SEASHELLS;747.0;14
15400;;;CROISSANTS;SEASHELLS;4267.0;6
15400;;;JAMS;SEASHELLS;6542.0;6
15500;;;VOLCANIC_ROCK_VOUCHER_10000;SEASHELLS;499.0;18
15500;;;VOLCANIC_ROCK_VOUCHER_10250;SEASHELLS;263.0;18
15500;;;VOLCANIC_ROCK_VOUCHER_10500;SEASHELLS;86.0;18
15500;;;VOLCANIC_ROCK_VOUCHER_9500;SEASHELLS;998.0;18
15500;;;VOLCANIC_ROCK_VOUCHER_9750;SEASHELLS;748.0;18
15700;;;DJEMBES;SEASHELLS;13418.0;2
15800;;;KELP;SEASHELLS;2036.0;2
15800;;;SQUID_INK;SEASHELLS;1872.0;2
15900;;;SQUID_INK;SEASHELLS;1868.0;3
16100;;;KELP;SEASHELLS;2033.0;2
16100;;;SQUID_INK;SEASHELLS;1870.0;2
16200;;;KELP;SEASHELLS;2033.0;1
16200;;;SQUID_INK;SEASHELLS;1870.0;1
16300;;;CROISSANTS;SEASHELLS;4268.0;8
16300;;;RAINFOREST_RESIN;SEASHELLS;9992.0;1
16400;;;VOLCANIC_ROCK_VOUCHER_10000;SEASHELLS;496.0;11
16400;;;VOLCANIC_ROCK_VOUCHER_10250;SEASHELLS;260.0;11
16400;;;VOLCANIC_ROCK_VOUCHER_10500;SEASHELLS;84.0;11
16400;;;VOLCANIC_ROCK_VOUCHER_9500;SEASHELLS;995.0;11
16400;;;VOLCANIC_ROCK_VOUCHER_9750;SEASHELLS;746.0;11
17100;;;PICNIC_BASKET1;SEASHELLS;58659.0;10
17100;;;PICNIC_BASKET2;SEASHELLS;30228.0;1
17400;;;KELP;SEASHELLS;2036.0;2
17400;;;KELP;SEASHELLS;2035.0;3
17400;;;SQUID_INK;SEASHELLS;1876.0;2
17500;;;KELP;SEASHELLS;2036.0;12
17500;;;SQUID_INK;SEASHELLS;1876.0;12
17700;;;DJEMBES;SEASHELLS;13415.0;10
17800;;;RAINFOREST_RESIN;SEASHELLS;10008.0;2
17900;;;DJEMBES;SEASHELLS;13414.0;5
17900;;;KELP;SEASHELLS;2035.0;1
17900;;;RAINFOREST_RESIN;SEASHELLS;10002.0;5
17900;;;SQUID_INK;SEASHELLS;1877.0;1
18100;;;JAMS;SEASHELLS;6540.0;12
18100;;;KELP;SEASHELLS;2033.0;8
18100;;;SQUID_INK;SEASHELLS;1875.0;8
18200;;;KELP;SEASHELLS;2033.0;1
18200;;;SQUID_INK;SEASHELLS;1875.0;1
18400;;;VOLCANIC_ROCK_VOUCHER_10000;SEASHELLS;486.0;14
18400;;;VOLCANIC_ROCK_VOUCHER_10250;SEASHELLS;251.0;14
18400;;;VOLCANIC_ROCK_VOUCHER_9500;SEASHELLS;984.0;14
18400;;;VOLCANIC_ROCK_VOUCHER_9750;SEASHELLS;735.0;14
18500;;;CROISSANTS;SEASHELLS;4270.0;9
18500;;;KELP;SEASHELLS;2033.0;1
18500;;;KELP;SEASHELLS;2033.0;1
18500;;;SQUID_INK;SEASHELLS;1877.0;1
18500;;;SQUID_INK;SEASHELLS;1877.0;1
18600;;;DJEMBES;SEASHELLS;13411.0;5
18600;;;KELP;SEASHELLS;2033.0;9
18600;;;SQUID_INK;SEASHELLS;1877.0;9
19100;;;CROISSANTS;SEASHELLS;4269.0;8
19200;;;RAINFOREST_RESIN;SEASHELLS;9992.0;6
19200;;;RAINFOREST_RESIN;SEASHELLS;9998.0;5
19400;;;CROISSANTS;SEASHELLS;4268.0;5
19500;;;CROISSANTS;SEASHELLS;4268.0;6
19500;;;DJEMBES;SEASHELLS;13414.0;5
19500;;;KELP;SEASHELLS;2033.0;14
19500;;;RAINFOREST_RESIN;SEASHELLS;10001.0;1
19500;;;SQUID_INK;SEASHELLS;1875.0;14
19600;;;KELP;SEASHELLS;2036.0;11
19600;;;RAINFOREST_RESIN;SEASHELLS;10008.0;1
19600;;;SQUID_INK;SEASHELLS;1880.0;11
19800;;;CROISSANTS;SEASHELLS;4269.0;7
19800;;;DJEMBES;SEASHELLS;13416.0;2
20100;;;DJEMBES;SEASHELLS;13416.0;5
20100;;;PICNIC_BASKET1;SEASHELLS;58705.0;1
20100;;;PICNIC_BASKET2;SEASHELLS;30228.0;10
20100;;;VOLCANIC_ROCK;SEASHELLS;10486.0;5
20100;;;VOLCANIC_ROCK;SEASHELLS;10486.0;10
20300;;;JAMS;SEASHELLS;6540.0;7
20300;;;RAINFOREST_RESIN;SEASHELLS;10008.0;2
20500;;;KELP;SEASHELLS;2035.0;2
20500;;;KELP;SEASHELLS;2033.0;8
20500;;;SQUID_INK;SEASHELLS;1881.0;2
20500;;;SQUID_INK;SEASHELLS;1880.0;1
20500;;;SQUID_INK;SEASHELLS;1880.0;7
20600;;;KELP;SEASHELLS;2036.0;2
20600;;;SQUID_INK;SEASHELLS;1884.0;2
20700;;;JAMS;SEASHELLS;6539.0;9
20700;;;KELP;SEASHELLS;2035.0;2
20700;;;SQUID_INK;SEASHELLS;1881.0;2
20800;;;JAMS;SEASHELLS;6540.0;12
20800;;;VOLCANIC_ROCK;SEASHELLS;10493.0;10
20900;;;DJEMBES;SEASHELLS;13414.0;3
20900;;;KELP;SEASHELLS;2033.0;1
20900;;;SQUID_INK;SEASHELLS;1877.0;1
21100;;;CROISSANTS;SEASHELLS;4272.0;8
21100;;;JAMS;SEASHELLS;6539.0;5
21100;;;KELP;SEASHELLS;2034.0;2
21100;;;SQUID_INK;SEASHELLS;1878.0;2
21200;;;KELP;SEASHELLS;2035.0;1
21200;;;SQUID_INK;SEASHELLS;1879.0;1
21300;;;PICNIC_BASKET1;SEASHELLS;58675.0;4
21300;;;PICNIC_BASKET2;SEASHELLS;30235.0;4
21500;;;DJEMBES;SEASHELLS;13414.0;3
21500;;;KELP;SEASHELLS;2033.0;2
21500;;;SQUID_INK;SEASHELLS;1876.0;7
21700;;;RAINFOREST_RESIN;SEASHELLS;9992.0;7
21900;;;RAINFOREST_RESIN;SEASHELLS;9999.0;1
22100;;;KELP;SEASHELLS;2035.0;1
22100;;;SQUID_INK;SEASHELLS;1877.0;1
22200;;;DJEMBES;SEASHELLS;13417.0;2
22200;;;RAINFOREST_RESIN;SEASHELLS;9999.0;1
22400;;;PICNIC_BASKET1;SEASHELLS;58677.0;5
22400;;;PICNIC_BASKET2;SEASHELLS;30240.0;5
22500;;;KELP;SEASHELLS;2035.0;1
22500;;;SQUID_INK;SEASHELLS;1875.0;1
22700;;;RAINFOREST_RESIN;SEASHELLS;9992.0;1
22800;;;KELP;SEASHELLS;2032.0;2
22800;;;SQUID_INK;SEASHELLS;1873.0;2
22900;;;JAMS;SEASHELLS;6538.0;4
22900;;;SQUID_INK;SEASHELLS;1874.0;1
23000;;;KELP;SEASHELLS;2035.0;1
23000;;;RAINFOREST_RESIN;SEASHELLS;9992.0;2
23000;;;SQUID_INK;SEASHELLS;1878.0;1
23100;;;RAINFOREST_RESIN;SEASHELLS;9992.0;1
23200;;;KELP;SEASHELLS;2033.0;1
23200;;;SQUID_INK;SEASHELLS;1876.0;1
23300;;;RAINFOREST_RESIN;SEASHELLS;9992.0;7
23400;;;KELP;SEASHELLS;2033.0;1
23400;;;KELP;SEASHELLS;2033.0;14
23400;;;SQUID_INK;SEASHELLS;1879.0;15
23600;;;DJEMBES;SEASHELLS;13413.0;5
23600;;;SQUID_INK;SEASHELLS;1878.0;1
23600;;;VOLCANIC_ROCK;SEASHELLS;10488.0;7
23800;;;VOLCANIC_ROCK;SEASHELLS;10486.0;5
23900;;;RAINFOREST_RESIN;SEASHELLS;9999.0;1
24000;;;JAMS;SEASHELLS;6538.0;7
24000;;;RAINFOREST_RESIN;SEASHELLS;10001.0;1
24100;;;CROISSANTS;SEASHELLS;4272.0;5
24100;;;JAMS;SEASHELLS;6539.0;6
24100;;;PICNIC_BASKET1;SEASHELLS;58683.0;2
24300;;;DJEMBES;SEASHELLS;13410.0;2
24300;;;KELP;SEASHELLS;2032.0;1
24300;;;SQUID_INK;SEASHELLS;1875.0;1
24500;;;KELP;SEASHELLS;2032.0;9
24500;;;SQUID_INK;SEASHELLS;1876.0;9
24900;;;VOLCANIC_ROCK;SEASHELLS;10496.0;6
25100;;;CROISSANTS;SEASHELLS;4270.0;5
25100;;;CROISSANTS;SEASHELLS;4271.0;7
25100;;;JAMS;SEASHELLS;6539.0;10
25200;;;CROISSANTS;SEASHELLS;4272.0;8
25300;;;PICNIC_BASKET2;SEASHELLS;30241.0;1
25400;;;VOLCANIC_ROCK;SEASHELLS;10497.0;10
25700;;;DJEMBES;SEASHELLS;13410.0;5
25700;;;JAMS;SEASHELLS;6539.0;6
25700;;;VOLCANIC_ROCK;SEASHELLS;10495.0;9
25800;;;JAMS;SEASHELLS;6539.0;9
25900;;;DJEMBES;SEASHELLS;13412.0;2
25900;;;KELP;SEASHELLS;2036.0;2
25900;;;SQUID_INK;SEASHELLS;1875.0;2
26000;;;KELP;SEASHELLS;2035.0;1
26000;;;SQUID_INK;SEASHELLS;1874.0;1
26100;;;JAMS;SEASHELLS;6537.0;9
26300;;;KELP;SEASHELLS;2033.0;1
26300;;;RAINFOREST_RESIN;SEASHELLS;10002.0;5
26300;;;SQUID_INK;SEASHELLS;1869.0;1
26400;;;RAINFOREST_RESIN;SEASHELLS;9992.0;8
26500;;;VOLCANIC_ROCK;SEASHELLS;10502.0;3
26600;;;VOLCANIC_ROCK_VOUCHER_10000;SEASHELLS;500.0;15
26600;;;VOLCANIC_ROCK_VOUCHER_10000;SEASHELLS;500.0;2
26600;;;VOLCANIC_ROCK_VOUCHER_10250;SEASHELLS;263.0;15
26600;;;VOLCANIC_ROCK_VOUCHER_10250;SEASHELLS;263.0;2
26600;;;VOLCANIC_ROCK_VOUCHER_10500;SEASHELLS;86.0;15
26600;;;VOLCANIC_ROCK_VOUCHER_10500;SEASHELLS;86.0;2
26600;;;VOLCANIC_ROCK_VOUCHER_9500;SEASHELLS;998.0;15
26600;;;VOLCANIC_ROCK_VOUCHER_9500;SEASHELLS;998.0;2
26600;;;VOLCANIC_ROCK_VOUCHER_9750;SEASHELLS;749.0;2
26700;;;KELP;SEASHELLS;2035.0;1
26700;;;SQUID_INK;SEASHELLS;1872.0;1
26800;;;VOLCANIC_ROCK_VOUCHER_10000;SEASHELLS;499.0;15
26800;;;VOLCANIC_ROCK_VOUCHER_10250;SEASHELLS;262.0;15
26800;;;VOLCANIC_ROCK_VOUCHER_10500;SEASHELLS;85.0;15
26800;;;VOLCANIC_ROCK_VOUCHER_9500;SEASHELLS;997.0;15
26800;;;VOLCANIC_ROCK_VOUCHER_9750;SEASHELLS;747.0;15
27000;;;CROISSANTS;SEASHELLS;4272.0;6
27000;;;PICNIC_BASKET1;SEASHELLS;58649.0;1
27000;;;PICNIC_BASKET2;SEASHELLS;30239.0;1
27100;;;KELP;SEASHELLS;2035.0;1
27100;;;SQUID_INK;SEASHELLS;1876.0;1
27200;;;DJEMBES;SEASHELLS;13408.0;5
27200;;;KELP;SEASHELLS;2035.0;1
27200;;;SQUID_INK;SEASHELLS;1874.0;1
27300;;;DJEMBES;SEASHELLS;13408.0;1
27300;;;KELP;SEASHELLS;2033.0;1
27300;;;RAINFOREST_RESIN;SEASHELLS;10001.0;1
27300;;;SQUID_INK;SEASHELLS;1872.0;1
27500;;;RAINFOREST_RESIN;SEASHELLS;9998.0;3
28200;;;RAINFOREST_RESIN;SEASHELLS;9992.0;7
28300;;;RAINFOREST_RESIN;SEASHELLS;9992.0;7
28300;;;RAINFOREST_RESIN;SEASHELLS;9992.0;2
28400;;;CROISSANTS;SEASHELLS;4274.0;7
28400;;;DJEMBES;SEASHELLS;13413.0;1
28500;;;KELP;SEASHELLS;2034.0;1
28500;;;RAINFOREST_RESIN;SEASHELLS;9992.0;2
28500;;;SQUID_INK;SEASHELLS;1875.0;1
28600;;;KELP;SEASHELLS;2034.0;1
28600;;;SQUID_INK;SEASHELLS;1876.0;1
28600;;;SQUID_INK;SEASHELLS;1877.0;5
28700;;;KELP;SEASHELLS;2034.0;1
28700;;;SQUID_INK;SEASHELLS;1877.0;1
29000;;;JAMS;SEASHELLS;6534.0;7
29100;;;RAINFOREST_RESIN;SEASHELLS;10002.0;5
29300;;;KELP;SEASHELLS;2036.0;1
29300;;;SQUID_INK;SEASHELLS;1881.0;1
29400;;;RAINFOREST_RESIN;SEASHELLS;9992.0;5
29400;;;VOLCANIC_ROCK_VOUCHER_10000;SEASHELLS;483.0;11
29400;;;VOLCANIC_ROCK_VOUCHER_10000;SEASHELLS;483.0;2
29400;;;VOLCANIC_ROCK_VOUCHER_10250;SEASHELLS;248.0;11
29400;;;VOLCANIC_ROCK_VOUCHER_10250;SEASHELLS;248.0;2
29400;;;VOLCANIC_ROCK_VOUCHER_10500;SEASHELLS;78.0;11
29400;;;VOLCANIC_ROCK_VOUCHER_10500;SEASHELLS;78.0;2
29400;;;VOLCANIC_ROCK_VOUCHER_9500;SEASHELLS;981.0;11
29400;;;VOLCANIC_ROCK_VOUCHER_9500;SEASHELLS;981.0;2
29500;;;KELP;SEASHELLS;2034.0;1
29500;;;SQUID_INK;SEASHELLS;1880.0;1
29600;;;SQUID_INK;SEASHELLS;1881.0;4
29800;;;VOLCANIC_ROCK;SEASHELLS;10483.0;10
29900;;;KELP;SEASHELLS;2037.0;15
29900;;;RAINFOREST_RESIN;SEASHELLS;10008.0;1
29900;;;SQUID_INK;SEASHELLS;1883.0;2
29900;;;SQUID_INK;SEASHELLS;1883.0;13
30000;;;PICNIC_BASKET1;SEASHELLS;58658.0;2
30000;;;PICNIC_BASKET2;SEASHELLS;30231.0;2
30000;;;PICNIC_BASKET2;SEASHELLS;30234.0;2
30100;;;CROISSANTS;SEASHELLS;4273.0;5
30200;;;JAMS;SEASHELLS;6532.0;10
30200;;;VOLCANIC_ROCK;SEASHELLS;10478.0;7
30400;;;RAINFOREST_RESIN;SEASHELLS;9992.0;4
30400;;;SQUID_INK;SEASHELLS;1884.0;3
30700;;;RAINFOREST_RESIN;SEASHELLS;10008.0;4
30900;;;DJEMBES;SEASHELLS;13415.0;1
31000;;;KELP;SEASHELLS;2037.0;1
31000;;;SQUID_INK;SEASHELLS;1884.0;1
31000;;;VOLCANIC_ROCK_VOUCHER_10000;SEASHELLS;476.0;18
31000;;;VOLCANIC_ROCK_VOUCHER_10000;SEASHELLS;476.0;1
31000;;;VOLCANIC_ROCK_VOUCHER_10250;SEASHELLS;243.0;18
31000;;;VOLCANIC_ROCK_VOUCHER_10250;SEASHELLS;243.0;1
31000;;;VOLCANIC_ROCK_VOUCHER_10500;SEASHELLS;75.0;18
31000;;;VOLCANIC_ROCK_VOUCHER_10500;SEASHELLS;75.0;1
31000;;;VOLCANIC_ROCK_VOUCHER_9500;SEASHELLS;975.0;18
31000;;;VOLCANIC_ROCK_VOUCHER_9500;SEASHELLS;975.0;1
31000;;;VOLCANIC_ROCK_VOUCHER_9750;SEASHELLS;725.0;18
31000;;;VOLCANIC_ROCK_VOUCHER_9750;SEASHELLS;725.0;1
31100;;;KELP;SEASHELLS;2036.0;1
31100;;;KELP;SEASHELLS;2034.0;9
31100;;;SQUID_INK;SEASHELLS;1883.0;1
31100;;;SQUID_INK;SEASHELLS;1881.0;9
31200;;;DJEMBES;SEASHELLS;13417.0;1
31200;;;KELP;SEASHELLS;2034.0;1
31200;;;SQUID_INK;SEASHELLS;1881.0;1
31300;;;JAMS;SEASHELLS;6533.0;4
31300;;;VOLCANIC_ROCK;SEASHELLS;10475.0;7
31800;;;DJEMBES;SEASHELLS;13416.0;4
31800;;;VOLCANIC_ROCK_VOUCHER_10000;SEASHELLS;477.0;11
31800;;;VOLCANIC_ROCK_VOUCHER_10250;SEASHELLS;243.0;11
31800;;;VOLCANIC_ROCK_VOUCHER_10500;SEASHELLS;75.0;11
31800;;;VOLCANIC_ROCK_VOUCHER_9500;SEASHELLS;975.0;11
31800;;;VOLCANIC_ROCK_VOUCHER_9750;SEASHELLS;725.0;11
32100;;;KELP;SEASHELLS;2034.0;2
32100;;;SQUID_INK;SEASHELLS;1883.0;2
32400;;;VOLCANIC_ROCK;SEASHELLS;10458.0;5
32500;;;JAMS;SEASHELLS;6533.0;3
32500;;;KELP;SEASHELLS;2038.0;9
32500;;;SQUID_INK;SEASHELLS;1886.0;9
32700;;;JAMS;SEASHELLS;6533.0;4
32700;;;PICNIC_BASKET1;SEASHELLS;58683.0;1
32700;;;PICNIC_BASKET2;SEASHELLS;30246.0;1
32800;;;CROISSANTS;SEASHELLS;4278.0;7
32800;;;DJEMBES;SEASHELLS;13413.0;4
33000;;;VOLCANIC_ROCK;SEASHELLS;10448.0;1
33100;;;VOLCANIC_ROCK_VOUCHER_10000;SEASHELLS;449.0;15
33100;;;VOLCANIC_ROCK_VOUCHER_10250;SEASHELLS;219.0;15
33100;;;VOLCANIC_ROCK_VOUCHER_10500;SEASHELLS;62.0;15
33100;;;VOLCANIC_ROCK_VOUCHER_9500;SEASHELLS;946.0;15
33200;;;KELP;SEASHELLS;2036.0;1
33200;;;RAINFOREST_RESIN;SEASHELLS;10008.0;6
33200;;;SQUID_INK;SEASHELLS;1885.0;1
33200;;;VOLCANIC_ROCK;SEASHELLS;10443.0;10
33300;;;JAMS;SEASHELLS;6533.0;4
33400;;;DJEMBES;SEASHELLS;13412.0;4
33600;;;PICNIC_BASKET2;SEASHELLS;30240.0;2
33700;;;CROISSANTS;SEASHELLS;4278.0;8
33700;;;RAINFOREST_RESIN;SEASHELLS;10002.0;3
34000;;;SQUID_INK;SEASHELLS;1886.0;1
34200;;;VOLCANIC_ROCK_VOUCHER_10000;SEASHELLS;445.0;14
34200;;;VOLCANIC_ROCK_VOUCHER_10000;SEASHELLS;445.0;2
34200;;;VOLCANIC_ROCK_VOUCHER_10250;SEASHELLS;215.0;14
34200;;;VOLCANIC_ROCK_VOUCHER_10250;SEASHELLS;215.0;2
34200;;;VOLCANIC_ROCK_VOUCHER_10500;SEASHELLS;61.0;14
34200;;;VOLCANIC_ROCK_VOUCHER_10500;SEASHELLS;61.0;2
34200;;;VOLCANIC_ROCK_VOUCHER_9500;SEASHELLS;942.0;14
34200;;;VOLCANIC_ROCK_VOUCHER_9500;SEASHELLS;942.0;2
34200;;;VOLCANIC_ROCK_VOUCHER_9750;SEASHELLS;692.0;14
34200;;;VOLCANIC_ROCK_VOUCHER_9750;SEASHELLS;692.0;2
34300;;;KELP;SEASHELLS;2034.0;1
34300;;;SQUID_INK;SEASHELLS;1884.0;1
34600;;;KELP;SEASHELLS;2038.0;14
34600;;;SQUID_INK;SEASHELLS;1888.0;14
34800;;;JAMS;SEASHELLS;6533.0;8
34800;;;KELP;SEASHELLS;2034.0;10
34800;;;SQUID_INK;SEASHELLS;1886.0;10
35200;;;CROISSANTS;SEASHELLS;4277.0;8
35200;;;JAMS;SEASHELLS;6532.0;7
35200;;;RAINFOREST_RESIN;SEASHELLS;10008.0;4
35200;;;RAINFOREST_RESIN;SEASHELLS;10001.0;1
35400;;;VOLCANIC_ROCK_VOUCHER_10000;SEASHELLS;451.0;15
35400;;;VOLCANIC_ROCK_VOUCHER_10250;SEASHELLS;220.0;15
35400;;;VOLCANIC_ROCK_VOUCHER_10500;SEASHELLS;63.0;15
35400;;;VOLCANIC_ROCK_VOUCHER_9500;SEASHELLS;948.0;15
35400;;;VOLCANIC_ROCK_VOUCHER_9750;SEASHELLS;699.0;15
35500;;;RAINFOREST_RESIN;SEASHELLS;10008.0;1
35600;;;JAMS;SEASHELLS;6532.0;6
35700;;;DJEMBES;SEASHELLS;13409.0;1
35700;;;KELP;SEASHELLS;2037.0;11
35700;;;SQUID_INK;SEASHELLS;1886.0;11
36000;;;DJEMBES;SEASHELLS;13409.0;2
36000;;;KELP;SEASHELLS;2035.0;2
36000;;;SQUID_INK;SEASHELLS;1882.0;2
36000;;;VOLCANIC_ROCK_VOUCHER_10000;SEASHELLS;454.0;10
36000;;;VOLCANIC_ROCK_VOUCHER_10250;SEASHELLS;223.0;10
36000;;;VOLCANIC_ROCK_VOUCHER_10500;SEASHELLS;65.0;10
36000;;;VOLCANIC_ROCK_VOUCHER_9500;SEASHELLS;951.0;10
36000;;;VOLCANIC_ROCK_VOUCHER_9750;SEASHELLS;701.0;10
36100;;;JAMS;SEASHELLS;6532.0;7
36200;;;VOLCANIC_ROCK_VOUCHER_10000;SEASHELLS;451.0;5
36200;;;VOLCANIC_ROCK_VOUCHER_10250;SEASHELLS;220.0;5
36200;;;VOLCANIC_ROCK_VOUCHER_10500;SEASHELLS;63.0;5
36200;;;VOLCANIC_ROCK_VOUCHER_9500;SEASHELLS;948.0;5
36200;;;VOLCANIC_ROCK_VOUCHER_9750;SEASHELLS;698.0;5
36400;;;DJEMBES;SEASHELLS;13411.0;1
36400;;;JAMS;SEASHELLS;6530.0;5
36500;;;KELP;SEASHELLS;2034.0;1
36500;;;SQUID_INK;SEASHELLS;1886.0;1
36600;;;DJEMBES;SEASHELLS;13409.0;5
36600;;;KELP;SEASHELLS;2035.0;2
36600;;;SQUID_INK;SEASHELLS;1888.0;2
36700;;;JAMS;SEASHELLS;6531.0;7
36800;;;RAINFOREST_RESIN;SEASHELLS;10008.0;7
36900;;;VOLCANIC_ROCK_VOUCHER_10000;SEASHELLS;455.0;15
36900;;;VOLCANIC_ROCK_VOUCHER_10250;SEASHELLS;224.0;15
36900;;;VOLCANIC_ROCK_VOUCHER_10500;SEASHELLS;65.0;15
36900;;;VOLCANIC_ROCK_VOUCHER_9500;SEASHELLS;952.0;15
36900;;;VOLCANIC_ROCK_VOUCHER_9750;SEASHELLS;703.0;15
37100;;;KELP;SEASHELLS;2037.0;9
37100;;;RAINFOREST_RESIN;SEASHELLS;9992.0;2
37100;;;SQUID_INK;SEASHELLS;1891.0;9
37300;;;VOLCANIC_ROCK_VOUCHER_10000;SEASHELLS;453.0;16
37300;;;VOLCANIC_ROCK_VOUCHER_10000;SEASHELLS;453.0;1
37300;;;VOLCANIC_ROCK_VOUCHER_10250;SEASHELLS;222.0;16
37300;;;VOLCANIC_ROCK_VOUCHER_10250;SEASHELLS;222.0;1
37300;;;VOLCANIC_ROCK_VOUCHER_10500;SEASHELLS;64.0;16
37300;;;VOLCANIC_ROCK_VOUCHER_10500;SEASHELLS;64.0;1
37300;;;VOLCANIC_ROCK_VOUCHER_9500;SEASHELLS;950.0;16
37300;;;VOLCANIC_ROCK_VOUCHER_9500;SEASHELLS;950.0;1
37300;;;VOLCANIC_ROCK_VOUCHER_9750;SEASHELLS;700.0;16
37300;;;VOLCANIC_ROCK_VOUCHER_9750;SEASHELLS;700.0;1
37400;;;PICNIC_BASKET1;SEASHELLS;58645.0;4
37400;;;PICNIC_BASKET2;SEASHELLS;30260.0;4
37400;;;RAINFOREST_RESIN;SEASHELLS;9992.0;1
37500;;;CROISSANTS;SEASHELLS;4277.0;8
37500;;;DJEMBES;SEASHELLS;13399.0;7
37600;;;DJEMBES;SEASHELLS;13400.0;5
37600;;;KELP;SEASHELLS;2036.0;1
37600;;;KELP;SEASHELLS;2033.0;9
37600;;;SQUID_INK;SEASHELLS;1889.0;1
37600;;;SQUID_INK;SEASHELLS;1887.0;9
37700;;;RAINFOREST_RESIN;SEASHELLS;9992.0;1
37800;;;KELP;SEASHELLS;2037.0;2
37800;;;SQUID_INK;SEASHELLS;1888.0;2
37800;;;VOLCANIC_ROCK;SEASHELLS;10448.0;8
38300;;;RAINFOREST_RESIN;SEASHELLS;10008.0;1
38400;;;DJEMBES;SEASHELLS;13396.0;5
38400;;;JAMS;SEASHELLS;6531.0;6
38400;;;KELP;SEASHELLS;2034.0;4
38400;;;SQUID_INK;SEASHELLS;1882.0;4
38500;;;RAINFOREST_RESIN;SEASHELLS;9992.0;7
38600;;;JAMS;SEASHELLS;6532.0;7
38700;;;DJEMBES;SEASHELLS;13395.0;1
38700;;;KELP;SEASHELLS;2034.0;1
38700;;;SQUID_INK;SEASHELLS;1884.0;1
38800;;;VOLCANIC_ROCK_VOUCHER_10000;SEASHELLS;458.0;10
38800;;;VOLCANIC_ROCK_VOUCHER_10000;SEASHELLS;458.0;1
38800;;;VOLCANIC_ROCK_VOUCHER_10250;SEASHELLS;226.0;10
38800;;;VOLCANIC_ROCK_VOUCHER_10250;SEASHELLS;226.0;1
38800;;;VOLCANIC_ROCK_VOUCHER_10500;SEASHELLS;66.0;10
38800;;;VOLCANIC_ROCK_VOUCHER_10500;SEASHELLS;66.0;1
38800;;;VOLCANIC_ROCK_VOUCHER_9500;SEASHELLS;955.0;10
38800;;;VOLCANIC_ROCK_VOUCHER_9500;SEASHELLS;955.0;1
38800;;;VOLCANIC_ROCK_VOUCHER_9750;SEASHELLS;705.0;10
38800;;;VOLCANIC_ROCK_VOUCHER_9750;SEASHELLS;705.0;1
38900;;;DJEMBES;SEASHELLS;13394.0;5
39100;;;KELP;SEASHELLS;2037.0;1
39100;;;SQUID_INK;SEASHELLS;1890.0;1
39100;;;VOLCANIC_ROCK_VOUCHER_10000;SEASHELLS;455.0;12
39100;;;VOLCANIC_ROCK_VOUCHER_10250;SEASHELLS;223.0;12
39100;;;VOLCANIC_ROCK_VOUCHER_10500;SEASHELLS;64.0;12
39100;;;VOLCANIC_ROCK_VOUCHER_9500;SEASHELLS;951.0;12
39100;;;VOLCANIC_ROCK_VOUCHER_9750;SEASHELLS;701.0;12
39200;;;KELP;SEASHELLS;2034.0;2
39200;;;PICNIC_BASKET1;SEASHELLS;58629.0;10
39200;;;PICNIC_BASKET2;SEASHELLS;30257.0;10
39200;;;SQUID_INK;SEASHELLS;1887.0;2
39200;;;SQUID_INK;SEASHELLS;1888.0;4
39300;;;RAINFOREST_RESIN;SEASHELLS;9992.0;5
39500;;;RAINFOREST_RESIN;SEASHELLS;9992.0;6
39600;;;RAINFOREST_RESIN;SEASHELLS;10008.0;2
39700;;;CROISSANTS;SEASHELLS;4277.0;5
39700;;;KELP;SEASHELLS;2034.0;1
39700;;;SQUID_INK;SEASHELLS;1889.0;1
39800;;;CROISSANTS;SEASHELLS;4276.0;6
40000;;;KELP;SEASHELLS;2034.0;14
40000;;;SQUID_INK;SEASHELLS;1889.0;1
40000;;;SQUID_INK;SEASHELLS;1889.0;13
40200;;;JAMS;SEASHELLS;6531.0;4
40200;;;KELP;SEASHELLS;2037.0;6
40200;;;SQUID_INK;SEASHELLS;1891.0;6
40500;;;JAMS;SEASHELLS;6531.0;5
40500;;;KELP;SEASHELLS;2037.0;13
40500;;;SQUID_INK;SEASHELLS;1892.0;13
40700;;;KELP;SEASHELLS;2036.0;1
40700;;;SQUID_INK;SEASHELLS;1891.0;1
40800;;;VOLCANIC_ROCK_VOUCHER_10000;SEASHELLS;460.0;16
40800;;;VOLCANIC_ROCK_VOUCHER_10250;SEASHELLS;228.0;16
40800;;;VOLCANIC_ROCK_VOUCHER_10500;SEASHELLS;67.0;16
40800;;;VOLCANIC_ROCK_VOUCHER_9500;SEASHELLS;957.0;16
40800;;;VOLCANIC_ROCK_VOUCHER_9750;SEASHELLS;708.0;16
40900;;;DJEMBES;SEASHELLS;13388.0;5
41000;;;RAINFOREST_RESIN;SEASHELLS;10008.0;5
41100;;;JAMS;SEASHELLS;6531.0;6
41200;;;PICNIC_BASKET1;SEASHELLS;58645.0;10
41200;;;PICNIC_BASKET2;SEASHELLS;30285.0;10
41200;;;VOLCANIC_ROCK;SEASHELLS;10462.0;9
41300;;;RAINFOREST_RESIN;SEASHELLS;10008.0;1
41400;;;JAMS;SEASHELLS;6531.0;3
41400;;;KELP;SEASHELLS;2034.0;5
41400;;;SQUID_INK;SEASHELLS;1889.0;5
41400;;;VOLCANIC_ROCK;SEASHELLS;10461.0;8
41500;;;VOLCANIC_ROCK_VOUCHER_10000;SEASHELLS;466.0;16
41500;;;VOLCANIC_ROCK_VOUCHER_10250;SEASHELLS;233.0;16
41500;;;VOLCANIC_ROCK_VOUCHER_10500;SEASHELLS;70.0;16
41500;;;VOLCANIC_ROCK_VOUCHER_9500;SEASHELLS;963.0;16
41500;;;VOLCANIC_ROCK_VOUCHER_9750;SEASHELLS;714.0;16
41600;;;VOLCANIC_ROCK;SEASHELLS;10465.0;10
41700;;;RAINFOREST_RESIN;SEASHELLS;9998.0;4
41800;;;KELP;SEASHELLS;2034.0;1
41800;;;SQUID_INK;SEASHELLS;1892.0;1
41900;;;JAMS;SEASHELLS;6531.0;5
42300;;;DJEMBES;SEASHELLS;13385.0;3
42400;;;KELP;SEASHELLS;2034.0;1
42400;;;PICNIC_BASKET1;SEASHELLS;58642.0;2
42400;;;PICNIC_BASKET2;SEASHELLS;30287.0;5
42400;;;SQUID_INK;SEASHELLS;1893.0;1
42400;;;VOLCANIC_ROCK;SEASHELLS;10463.0;8
42500;;;DJEMBES;SEASHELLS;13386.0;3
42500;;;JAMS;SEASHELLS;6531.0;12
42600;;;CROISSANTS;SEASHELLS;4277.0;4
42600;;;RAINFOREST_RESIN;SEASHELLS;9998.0;5
42800;;;KELP;SEASHELLS;2035.0;2
42800;;;SQUID_INK;SEASHELLS;1894.0;2
42900;;;VOLCANIC_ROCK;SEASHELLS;10464.0;5
43100;;;JAMS;SEASHELLS;6531.0;6
43100;;;VOLCANIC_ROCK;SEASHELLS;10464.0;8
43400;;;JAMS;SEASHELLS;6535.0;6
43500;;;CROISSANTS;SEASHELLS;4275.0;8
43500;;;JAMS;SEASHELLS;6533.0;11
43500;;;VOLCANIC_ROCK_VOUCHER_10000;SEASHELLS;464.0;12
43500;;;VOLCANIC_ROCK_VOUCHER_10250;SEASHELLS;232.0;12
43500;;;VOLCANIC_ROCK_VOUCHER_10500;SEASHELLS;69.0;12
43500;;;VOLCANIC_ROCK_VOUCHER_9500;SEASHELLS;962.0;12
43500;;;VOLCANIC_ROCK_VOUCHER_9750;SEASHELLS;712.0;12
43800;;;KELP;SEASHELLS;2038.0;5
43800;;;SQUID_INK;SEASHELLS;1896.0;5
43900;;;KELP;SEASHELLS;2034.0;1
43900;;;KELP;SEASHELLS;2038.0;2
43900;;;SQUID_INK;SEASHELLS;1894.0;1
43900;;;SQUID_INK;SEASHELLS;1897.0;2
44100;;;PICNIC_BASKET1;SEASHELLS;58664.0;2
44100;;;PICNIC_BASKET2;SEASHELLS;30272.0;6
44200;;;CROISSANTS;SEASHELLS;4275.0;8
44400;;;JAMS;SEASHELLS;6534.0;4
44600;;;PICNIC_BASKET1;SEASHELLS;58652.0;1
44600;;;PICNIC_BASKET1;SEASHELLS;58652.0;4
44600;;;PICNIC_BASKET2;SEASHELLS;30263.0;5
44600;;;VOLCANIC_ROCK_VOUCHER_10000;SEASHELLS;455.0;13
44600;;;VOLCANIC_ROCK_VOUCHER_10000;SEASHELLS;456.0;19
44600;;;VOLCANIC_ROCK_VOUCHER_10250;SEASHELLS;223.0;13
44600;;;VOLCANIC_ROCK_VOUCHER_10250;SEASHELLS;224.0;19
44600;;;VOLCANIC_ROCK_VOUCHER_10500;SEASHELLS;65.0;13
44600;;;VOLCANIC_ROCK_VOUCHER_10500;SEASHELLS;66.0;19
44600;;;VOLCANIC_ROCK_VOUCHER_9500;SEASHELLS;952.0;13
44600;;;VOLCANIC_ROCK_VOUCHER_9500;SEASHELLS;953.0;19
44600;;;VOLCANIC_ROCK_VOUCHER_9750;SEASHELLS;702.0;13
44600;;;VOLCANIC_ROCK_VOUCHER_9750;SEASHELLS;703.0;19
44700;;;KELP;SEASHELLS;2037.0;1
44700;;;SQUID_INK;SEASHELLS;1900.0;1
44800;;;PICNIC_BASKET1;SEASHELLS;58625.0;8
44800;;;PICNIC_BASKET2;SEASHELLS;30254.0;8
44800;;;RAINFOREST_RESIN;SEASHELLS;9999.0;1
45000;;;KELP;SEASHELLS;2035.0;1
45000;;;SQUID_INK;SEASHELLS;1899.0;1
45100;;;JAMS;SEASHELLS;6532.0;8
45200;;;KELP;SEASHELLS;2034.0;1
45200;;;SQUID_INK;SEASHELLS;1899.0;1
45300;;;KELP;SEASHELLS;2034.0;1
45300;;;PICNIC_BASKET1;SEASHELLS;58622.0;5
45300;;;PICNIC_BASKET2;SEASHELLS;30262.0;5
45300;;;SQUID_INK;SEASHELLS;1900.0;1
45400;;;RAINFOREST_RESIN;SEASHELLS;9999.0;1
45500;;;KELP;SEASHELLS;2034.0;3
45500;;;SQUID_INK;SEASHELLS;1901.0;3
45700;;;VOLCANIC_ROCK_VOUCHER_10000;SEASHELLS;451.0;11
45700;;;VOLCANIC_ROCK_VOUCHER_10000;SEASHELLS;451.0;2
45700;;;VOLCANIC_ROCK_VOUCHER_10250;SEASHELLS;220.0;11
45700;;;VOLCANIC_ROCK_VOUCHER_10250;SEASHELLS;220.0;2
45700;;;VOLCANIC_ROCK_VOUCHER_10500;SEASHELLS;63.0;11
45700;;;VOLCANIC_ROCK_VOUCHER_10500;SEASHELLS;63.0;2
45700;;;VOLCANIC_ROCK_VOUCHER_9500;SEASHELLS;948.0;11
45700;;;VOLCANIC_ROCK_VOUCHER_9500;SEASHELLS;948.0;2
45700;;;VOLCANIC_ROCK_VOUCHER_9750;SEASHELLS;698.0;11
45700;;;VOLCANIC_ROCK_VOUCHER_9750;SEASHELLS;698.0;2
45800;;;RAINFOREST_RESIN;SEASHELLS;9992.0;6
45800;;;RAINFOREST_RESIN;SEASHELLS;9992.0;2
45900;;;KELP;SEASHELLS;2034.0;1
45900;;;SQUID_INK;SEASHELLS;1899.0;1
46300;;;DJEMBES;SEASHELLS;13384.0;3
46300;;;VOLCANIC_ROCK;SEASHELLS;10452.0;5
46400;;;KELP;SEASHELLS;2036.0;1
46400;;;SQUID_INK;SEASHELLS;1900.0;1
46400;;;VOLCANIC_ROCK;SEASHELLS;10450.0;8
46500;;;KELP;SEASHELLS;2036.0;2
46600;;;JAMS;SEASHELLS;6530.0;10
46600;;;KELP;SEASHELLS;2036.0;1
46600;;;SQUID_INK;SEASHELLS;1898.0;1
46600;;;VOLCANIC_ROCK_VOUCHER_10000;SEASHELLS;452.0;16
46600;;;VOLCANIC_ROCK_VOUCHER_10250;SEASHELLS;221.0;16
46600;;;VOLCANIC_ROCK_VOUCHER_10500;SEASHELLS;64.0;16
46600;;;VOLCANIC_ROCK_VOUCHER_9500;SEASHELLS;949.0;16
46600;;;VOLCANIC_ROCK_VOUCHER_9750;SEASHELLS;700.0;16
46700;;;DJEMBES;SEASHELLS;13383.0;2
46900;;;KELP;SEASHELLS;2034.0;10
46900;;;SQUID_INK;SEASHELLS;1895.0;10
47000;;;DJEMBES;SEASHELLS;13387.0;1
47000;;;JAMS;SEASHELLS;6528.0;11
47200;;;KELP;SEASHELLS;2036.0;1
47200;;;SQUID_INK;SEASHELLS;1896.0;1
47300;;;VOLCANIC_ROCK_VOUCHER_10000;SEASHELLS;453.0;14
47300;;;VOLCANIC_ROCK_VOUCHER_10250;SEASHELLS;222.0;14
47300;;;VOLCANIC_ROCK_VOUCHER_10500;SEASHELLS;65.0;14
47300;;;VOLCANIC_ROCK_VOUCHER_9500;SEASHELLS;950.0;14
47300;;;VOLCANIC_ROCK_VOUCHER_9750;SEASHELLS;700.0;14
47400;;;KELP;SEASHELLS;2036.0;2
47400;;;KELP;SEASHELLS;2036.0;5
47400;;;RAINFOREST_RESIN;SEASHELLS;10002.0;4
47400;;;SQUID_INK;SEASHELLS;1894.0;2
47700;;;KELP;SEASHELLS;2034.0;10
47700;;;SQUID_INK;SEASHELLS;1893.0;10
47800;;;JAMS;SEASHELLS;6529.0;10
47800;;;VOLCANIC_ROCK_VOUCHER_10000;SEASHELLS;448.0;13
47800;;;VOLCANIC_ROCK_VOUCHER_10250;SEASHELLS;218.0;13
47800;;;VOLCANIC_ROCK_VOUCHER_10500;SEASHELLS;63.0;13
47800;;;VOLCANIC_ROCK_VOUCHER_9500;SEASHELLS;945.0;13
47800;;;VOLCANIC_ROCK_VOUCHER_9750;SEASHELLS;696.0;13
47900;;;VOLCANIC_ROCK_VOUCHER_10000;SEASHELLS;450.0;14
47900;;;VOLCANIC_ROCK_VOUCHER_10250;SEASHELLS;219.0;14
47900;;;VOLCANIC_ROCK_VOUCHER_9500;SEASHELLS;946.0;14
47900;;;VOLCANIC_ROCK_VOUCHER_9750;SEASHELLS;697.0;14
48000;;;DJEMBES;SEASHELLS;13389.0;3
48000;;;RAINFOREST_RESIN;SEASHELLS;9992.0;1
48100;;;JAMS;SEASHELLS;6530.0;7
48100;;;RAINFOREST_RESIN;SEASHELLS;10008.0;8
48100;;;VOLCANIC_ROCK;SEASHELLS;10446.0;8
48100;;;VOLCANIC_ROCK_VOUCHER_10000;SEASHELLS;449.0;10
48100;;;VOLCANIC_ROCK_VOUCHER_10250;SEASHELLS;219.0;10
48100;;;VOLCANIC_ROCK_VOUCHER_9500;SEASHELLS;946.0;10
48100;;;VOLCANIC_ROCK_VOUCHER_9750;SEASHELLS;697.0;10
48200;;;KELP;SEASHELLS;2035.0;1
48200;;;SQUID_INK;SEASHELLS;1897.0;1
48300;;;KELP;SEASHELLS;2035.0;1
48300;;;KELP;SEASHELLS;2035.0;4
48300;;;SQUID_INK;SEASHELLS;1896.0;1
48300;;;SQUID_INK;SEASHELLS;1896.0;4
48300;;;VOLCANIC_ROCK;SEASHELLS;10443.0;10
48500;;;RAINFOREST_RESIN;SEASHELLS;10001.0;1
48600;;;VOLCANIC_ROCK;SEASHELLS;10445.0;5
48700;;;DJEMBES;SEASHELLS;13389.0;1
48800;;;JAMS;SEASHELLS;6530.0;8
48900;;;KELP;SEASHELLS;2034.0;1
48900;;;SQUID_INK;SEASHELLS;1896.0;1
49000;;;VOLCANIC_ROCK;SEASHELLS;10450.0;8
49200;;;RAINFOREST_RESIN;SEASHELLS;9992.0;1
49400;;;JAMS;SEASHELLS;6532.0;8
49600;;;CROISSANTS;SEASHELLS;4272.0;7
49600;;;VOLCANIC_ROCK_VOUCHER_10000;SEASHELLS;445.0;15
49600;;;VOLCANIC_ROCK_VOUCHER_10000;SEASHELLS;445.0;2
49600;;;VOLCANIC_ROCK_VOUCHER_10250;SEASHELLS;216.0;15
49600;;;VOLCANIC_ROCK_VOUCHER_10250;SEASHELLS;216.0;2
49600;;;VOLCANIC_ROCK_VOUCHER_10500;SEASHELLS;61.0;15
49600;;;VOLCANIC_ROCK_VOUCHER_10500;SEASHELLS;61.0;2
49600;;;VOLCANIC_ROCK_VOUCHER_9500;SEASHELLS;942.0;15
49600;;;VOLCANIC_ROCK_VOUCHER_9500;SEASHELLS;942.0;2
49600;;;VOLCANIC_ROCK_VOUCHER_9750;SEASHELLS;693.0;15
49600;;;VOLCANIC_ROCK_VOUCHER_9750;SEASHELLS;693.0;2
49800;;;KELP;SEASHELLS;2034.0;1
49800;;;KELP;SEASHELLS;2038.0;1
49800;;;RAINFOREST_RESIN;SEASHELLS;10008.0;4
49800;;;SQUID_INK;SEASHELLS;1890.0;1
49800;;;SQUID_INK;SEASHELLS;1893.0;1
49900;;;VOLCANIC_ROCK_VOUCHER_10000;SEASHELLS;448.0;12
49900;;;VOLCANIC_ROCK_VOUCHER_10250;SEASHELLS;218.0;12
49900;;;VOLCANIC_ROCK_VOUCHER_10500;SEASHELLS;63.0;12
49900;;;VOLCANIC_ROCK_VOUCHER_9500;SEASHELLS;945.0;12
49900;;;VOLCANIC_ROCK_VOUCHER_9750;SEASHELLS;696.0;12
50000;;;RAINFOREST_RESIN;SEASHELLS;10008.0;6
50200;;;DJEMBES;SEASHELLS;13388.0;8
50200;;;JAMS;SEASHELLS;6528.0;11
50400;;;JAMS;SEASHELLS;6530.0;9
50400;;;KELP;SEASHELLS;2035.0;2
50400;;;KELP;SEASHELLS;2035.0;1
50400;;;SQUID_INK;SEASHELLS;1890.0;2
50400;;;SQUID_INK;SEASHELLS;1890.0;1
50600;;;DJEMBES;SEASHELLS;13387.0;5
50600;;;KELP;SEASHELLS;2037.0;1
50600;;;RAINFOREST_RESIN;SEASHELLS;10002.0;1
50600;;;SQUID_INK;SEASHELLS;1895.0;1
50600;;;SQUID_INK;SEASHELLS;1894.0;4
50600;;;VOLCANIC_ROCK_VOUCHER_10000;SEASHELLS;455.0;11
50600;;;VOLCANIC_ROCK_VOUCHER_10000;SEASHELLS;455.0;2
50600;;;VOLCANIC_ROCK_VOUCHER_10250;SEASHELLS;224.0;11
50600;;;VOLCANIC_ROCK_VOUCHER_10250;SEASHELLS;224.0;2
50600;;;VOLCANIC_ROCK_VOUCHER_10500;SEASHELLS;66.0;11
50600;;;VOLCANIC_ROCK_VOUCHER_10500;SEASHELLS;66.0;2
50600;;;VOLCANIC_ROCK_VOUCHER_9500;SEASHELLS;953.0;11
50600;;;VOLCANIC_ROCK_VOUCHER_9500;SEASHELLS;953.0;2
50600;;;VOLCANIC_ROCK_VOUCHER_9750;SEASHELLS;703.0;11
50600;;;VOLCANIC_ROCK_VOUCHER_9750;SEASHELLS;703.0;2
50700;;;RAINFOREST_RESIN;SEASHELLS;9999.0;1
50900;;;KELP;SEASHELLS;2035.0;1
50900;;;SQUID_INK;SEASHELLS;1892.0;1
50900;;;SQUID_INK;SEASHELLS;1893.0;5
51000;;;JAMS;SEASHELLS;6530.0;6
51100;;;VOLCANIC_ROCK_VOUCHER_10000;SEASHELLS;450.0;13
51100;;;VOLCANIC_ROCK_VOUCHER_10250;SEASHELLS;219.0;13
51100;;;VOLCANIC_ROCK_VOUCHER_10500;SEASHELLS;63.0;13
51100;;;VOLCANIC_ROCK_VOUCHER_9500;SEASHELLS;946.0;13
51100;;;VOLCANIC_ROCK_VOUCHER_9750;SEASHELLS;697.0;13
51300;;;CROISSANTS;SEASHELLS;4274.0;5
51300;;;VOLCANIC_ROCK;SEASHELLS;10440.0;3
51400;;;KELP;SEASHELLS;2036.0;5
51400;;;SQUID_INK;SEASHELLS;1896.0;5
51500;;;JAMS;SEASHELLS;6529.0;9
51500;;;KELP;SEASHELLS;2038.0;4
51500;;;KELP;SEASHELLS;2034.0;2
51500;;;RAINFOREST_RESIN;SEASHELLS;10008.0;8
51500;;;SQUID_INK;SEASHELLS;1898.0;4
51500;;;SQUID_INK;SEASHELLS;1895.0;2
51600;;;KELP;SEASHELLS;2036.0;1
51600;;;PICNIC_BASKET1;SEASHELLS;58636.0;2
51600;;;SQUID_INK;SEASHELLS;1897.0;1
52200;;;KELP;SEASHELLS;2035.0;1
52200;;;RAINFOREST_RESIN;SEASHELLS;10002.0;3
52200;;;SQUID_INK;SEASHELLS;1897.0;1
52200;;;VOLCANIC_ROCK;SEASHELLS;10446.0;8
52500;;;VOLCANIC_ROCK_VOUCHER_10000;SEASHELLS;442.0;12
52500;;;VOLCANIC_ROCK_VOUCHER_10250;SEASHELLS;214.0;12
52500;;;VOLCANIC_ROCK_VOUCHER_10500;SEASHELLS;60.0;12
52500;;;VOLCANIC_ROCK_VOUCHER_9500;SEASHELLS;940.0;12
52500;;;VOLCANIC_ROCK_VOUCHER_9750;SEASHELLS;690.0;12
52600;;;KELP;SEASHELLS;2035.0;2
52600;;;SQUID_INK;SEASHELLS;1897.0;2
52700;;;CROISSANTS;SEASHELLS;4273.0;6
52700;;;JAMS;SEASHELLS;6527.0;11
52700;;;KELP;SEASHELLS;2037.0;1
52700;;;SQUID_INK;SEASHELLS;1899.0;1
52800;;;JAMS;SEASHELLS;6526.0;8
52800;;;KELP;SEASHELLS;2037.0;1
52800;;;SQUID_INK;SEASHELLS;1900.0;1
52800;;;VOLCANIC_ROCK;SEASHELLS;10441.0;3
53000;;;DJEMBES;SEASHELLS;13388.0;2
53100;;;PICNIC_BASKET1;SEASHELLS;58632.0;2
53100;;;PICNIC_BASKET1;SEASHELLS;58632.0;4
53300;;;KELP;SEASHELLS;2035.0;8
53300;;;SQUID_INK;SEASHELLS;1896.0;8
53700;;;RAINFOREST_RESIN;SEASHELLS;10001.0;1
53800;;;CROISSANTS;SEASHELLS;4272.0;7
53800;;;RAINFOREST_RESIN;SEASHELLS;10001.0;1
54100;;;KELP;SEASHELLS;2038.0;2
54100;;;SQUID_INK;SEASHELLS;1897.0;2
54100;;;VOLCANIC_ROCK;SEASHELLS;10460.0;6
54200;;;KELP;SEASHELLS;2035.0;1
54200;;;SQUID_INK;SEASHELLS;1894.0;1
54300;;;KELP;SEASHELLS;2035.0;2
54300;;;SQUID_INK;SEASHELLS;1894.0;2
54400;;;VOLCANIC_ROCK_VOUCHER_10000;SEASHELLS;465.0;11
54400;;;VOLCANIC_ROCK_VOUCHER_10000;SEASHELLS;466.0;10
54400;;;VOLCANIC_ROCK_VOUCHER_10250;SEASHELLS;232.0;11
54400;;;VOLCANIC_ROCK_VOUCHER_10250;SEASHELLS;233.0;10
54400;;;VOLCANIC_ROCK_VOUCHER_10500;SEASHELLS;70.0;11
54400;;;VOLCANIC_ROCK_VOUCHER_9500;SEASHELLS;962.0;11
54400;;;VOLCANIC_ROCK_VOUCHER_9500;SEASHELLS;964.0;10
54400;;;VOLCANIC_ROCK_VOUCHER_9750;SEASHELLS;713.0;11
54400;;;VOLCANIC_ROCK_VOUCHER_9750;SEASHELLS;714.0;10
54500;;;DJEMBES;SEASHELLS;13384.0;4
54600;;;RAINFOREST_RESIN;SEASHELLS;9992.0;2
54700;;;DJEMBES;SEASHELLS;13385.0;5
54700;;;KELP;SEASHELLS;2038.0;2
54700;;;SQUID_INK;SEASHELLS;1897.0;1
54700;;;SQUID_INK;SEASHELLS;1897.0;1
54800;;;DJEMBES;SEASHELLS;13386.0;1
54900;;;KELP;SEASHELLS;2037.0;1
54900;;;SQUID_INK;SEASHELLS;1897.0;1
54900;;;SQUID_INK;SEASHELLS;1896.0;1
55200;;;JAMS;SEASHELLS;6530.0;6
55200;;;KELP;SEASHELLS;2035.0;1
55200;;;PICNIC_BASKET1;SEASHELLS;58661.0;1
55200;;;PICNIC_BASKET2;SEASHELLS;30274.0;7
55200;;;SQUID_INK;SEASHELLS;1895.0;1
55300;;;CROISSANTS;SEASHELLS;4273.0;5
55300;;;DJEMBES;SEASHELLS;13385.0;4
55300;;;KELP;SEASHELLS;2037.0;1
55300;;;SQUID_INK;SEASHELLS;1897.0;1
55300;;;VOLCANIC_ROCK_VOUCHER_10000;SEASHELLS;477.0;11
55300;;;VOLCANIC_ROCK_VOUCHER_10250;SEASHELLS;243.0;11
55300;;;VOLCANIC_ROCK_VOUCHER_10500;SEASHELLS;75.0;11
55300;;;VOLCANIC_ROCK_VOUCHER_9500;SEASHELLS;975.0;11
55300;;;VOLCANIC_ROCK_VOUCHER_9750;SEASHELLS;725.0;11
55400;;;PICNIC_BASKET1;SEASHELLS;58664.0;1
55400;;;PICNIC_BASKET2;SEASHELLS;30274.0;1
55400;;;VOLCANIC_ROCK;SEASHELLS;10473.0;3
55500;;;PICNIC_BASKET1;SEASHELLS;58656.0;2
55500;;;PICNIC_BASKET1;SEASHELLS;58660.0;1
55500;;;PICNIC_BASKET2;SEASHELLS;30272.0;2
55500;;;PICNIC_BASKET2;SEASHELLS;30274.0;1
55700;;;DJEMBES;SEASHELLS;13385.0;1
55900;;;JAMS;SEASHELLS;6529.0;9
56000;;;JAMS;SEASHELLS;6529.0;5
56100;;;VOLCANIC_ROCK_VOUCHER_10000;SEASHELLS;477.0;10
56100;;;VOLCANIC_ROCK_VOUCHER_10000;SEASHELLS;477.0;1
56100;;;VOLCANIC_ROCK_VOUCHER_10250;SEASHELLS;242.0;10
56100;;;VOLCANIC_ROCK_VOUCHER_10250;SEASHELLS;242.0;1
56100;;;VOLCANIC_ROCK_VOUCHER_10500;SEASHELLS;75.0;10
56100;;;VOLCANIC_ROCK_VOUCHER_10500;SEASHELLS;75.0;1
56100;;;VOLCANIC_ROCK_VOUCHER_9500;SEASHELLS;974.0;10
56100;;;VOLCANIC_ROCK_VOUCHER_9500;SEASHELLS;974.0;1
56100;;;VOLCANIC_ROCK_VOUCHER_9750;SEASHELLS;724.0;10
56100;;;VOLCANIC_ROCK_VOUCHER_9750;SEASHELLS;724.0;1
56200;;;VOLCANIC_ROCK;SEASHELLS;10474.0;9
56600;;;VOLCANIC_ROCK_VOUCHER_10000;SEASHELLS;476.0;13
56600;;;VOLCANIC_ROCK_VOUCHER_10250;SEASHELLS;243.0;13
56600;;;VOLCANIC_ROCK_VOUCHER_10500;SEASHELLS;75.0;13
56600;;;VOLCANIC_ROCK_VOUCHER_9500;SEASHELLS;974.0;13
56600;;;VOLCANIC_ROCK_VOUCHER_9750;SEASHELLS;725.0;13
56700;;;JAMS;SEASHELLS;6529.0;10
56700;;;KELP;SEASHELLS;2035.0;2
56700;;;KELP;SEASHELLS;2035.0;2
56700;;;SQUID_INK;SEASHELLS;1897.0;2
56700;;;SQUID_INK;SEASHELLS;1897.0;2
56800;;;RAINFOREST_RESIN;SEASHELLS;9998.0;3
57000;;;RAINFOREST_RESIN;SEASHELLS;10008.0;6
57100;;;KELP;SEASHELLS;2037.0;1
57100;;;RAINFOREST_RESIN;SEASHELLS;9998.0;5
57100;;;SQUID_INK;SEASHELLS;1900.0;1
57200;;;RAINFOREST_RESIN;SEASHELLS;9999.0;1
57300;;;JAMS;SEASHELLS;6530.0;10
57500;;;DJEMBES;SEASHELLS;13386.0;1
57500;;;VOLCANIC_ROCK_VOUCHER_10000;SEASHELLS;466.0;11
57500;;;VOLCANIC_ROCK_VOUCHER_10250;SEASHELLS;233.0;11
57500;;;VOLCANIC_ROCK_VOUCHER_10500;SEASHELLS;70.0;11
57500;;;VOLCANIC_ROCK_VOUCHER_9500;SEASHELLS;963.0;11
57500;;;VOLCANIC_ROCK_VOUCHER_9750;SEASHELLS;713.0;11
57600;;;DJEMBES;SEASHELLS;13385.0;3
57700;;;JAMS;SEASHELLS;6531.0;11
57800;;;PICNIC_BASKET1;SEASHELLS;58670.0;2
57800;;;PICNIC_BASKET2;SEASHELLS;30276.0;2
57900;;;KELP;SEASHELLS;2035.0;2
58000;;;KELP;SEASHELLS;2038.0;14
58000;;;RAINFOREST_RESIN;SEASHELLS;10001.0;1
58000;;;SQUID_INK;SEASHELLS;1905.0;14
58000;;;VOLCANIC_ROCK;SEASHELLS;10465.0;2
58100;;;DJEMBES;SEASHELLS;13383.0;4
58400;;;PICNIC_BASKET1;SEASHELLS;58658.0;8
58400;;;PICNIC_BASKET2;SEASHELLS;30270.0;8
58600;;;KELP;SEASHELLS;2034.0;1
58600;;;SQUID_INK;SEASHELLS;1903.0;1
58800;;;KELP;SEASHELLS;2036.0;2
58800;;;SQUID_INK;SEASHELLS;1906.0;2
58800;;;VOLCANIC_ROCK;SEASHELLS;10471.0;5
58900;;;JAMS;SEASHELLS;6532.0;8
58900;;;KELP;SEASHELLS;2037.0;2
58900;;;KELP;SEASHELLS;2036.0;1
58900;;;SQUID_INK;SEASHELLS;1906.0;2
58900;;;SQUID_INK;SEASHELLS;1905.0;1
59000;;;PICNIC_BASKET1;SEASHELLS;58675.0;6
59000;;;VOLCANIC_ROCK_VOUCHER_10000;SEASHELLS;470.0;17
59000;;;VOLCANIC_ROCK_VOUCHER_10250;SEASHELLS;237.0;17
59000;;;VOLCANIC_ROCK_VOUCHER_10500;SEASHELLS;72.0;17
59000;;;VOLCANIC_ROCK_VOUCHER_9500;SEASHELLS;968.0;17
59000;;;VOLCANIC_ROCK_VOUCHER_9750;SEASHELLS;718.0;17
59100;;;JAMS;SEASHELLS;6532.0;7
59300;;;VOLCANIC_ROCK;SEASHELLS;10469.0;5
59600;;;DJEMBES;SEASHELLS;13388.0;2
59700;;;KELP;SEASHELLS;2037.0;1
59700;;;SQUID_INK;SEASHELLS;1899.0;1
59900;;;KELP;SEASHELLS;2035.0;2
59900;;;SQUID_INK;SEASHELLS;1897.0;2
60000;;;DJEMBES;SEASHELLS;13386.0;4
60100;;;CROISSANTS;SEASHELLS;4273.0;6
60100;;;DJEMBES;SEASHELLS;13386.0;4
60200;;;PICNIC_BASKET1;SEASHELLS;58675.0;1
60200;;;PICNIC_BASKET2;SEASHELLS;30285.0;7
60300;;;DJEMBES;SEASHELLS;13389.0;3
60400;;;JAMS;SEASHELLS;6531.0;4
60600;;;CROISSANTS;SEASHELLS;4272.0;5
60600;;;KELP;SEASHELLS;2034.0;1
60600;;;SQUID_INK;SEASHELLS;1897.0;1
60700;;;KELP;SEASHELLS;2034.0;1
60700;;;SQUID_INK;SEASHELLS;1899.0;1
60800;;;SQUID_INK;SEASHELLS;1901.0;1
60900;;;RAINFOREST_RESIN;SEASHELLS;9992.0;8
60900;;;VOLCANIC_ROCK_VOUCHER_10000;SEASHELLS;473.0;12
60900;;;VOLCANIC_ROCK_VOUCHER_10250;SEASHELLS;239.0;12
60900;;;VOLCANIC_ROCK_VOUCHER_10500;SEASHELLS;73.0;12
60900;;;VOLCANIC_ROCK_VOUCHER_9500;SEASHELLS;970.0;12
60900;;;VOLCANIC_ROCK_VOUCHER_9750;SEASHELLS;720.0;12
61100;;;JAMS;SEASHELLS;6528.0;10
61100;;;VOLCANIC_ROCK;SEASHELLS;10470.0;9
61200;;;KELP;SEASHELLS;2034.0;1
61200;;;KELP;SEASHELLS;2035.0;3
61200;;;SQUID_INK;SEASHELLS;1898.0;3
61200;;;SQUID_INK;SEASHELLS;1898.0;1
61400;;;CROISSANTS;SEASHELLS;4274.0;6
61400;;;DJEMBES;SEASHELLS;13390.0;3
61500;;;KELP;SEASHELLS;2036.0;1
61600;;;RAINFOREST_RESIN;SEASHELLS;9992.0;2
61600;;;VOLCANIC_ROCK;SEASHELLS;10461.0;3
61800;;;SQUID_INK;SEASHELLS;1899.0;1
61900;;;KELP;SEASHELLS;2034.0;9
61900;;;SQUID_INK;SEASHELLS;1898.0;9
61900;;;VOLCANIC_ROCK_VOUCHER_10000;SEASHELLS;461.0;14
61900;;;VOLCANIC_ROCK_VOUCHER_10250;SEASHELLS;229.0;14
61900;;;VOLCANIC_ROCK_VOUCHER_10500;SEASHELLS;68.0;14
61900;;;VOLCANIC_ROCK_VOUCHER_9500;SEASHELLS;959.0;14
61900;;;VOLCANIC_ROCK_VOUCHER_9750;SEASHELLS;709.0;14
62000;;;JAMS;SEASHELLS;6530.0;9
62000;;;PICNIC_BASKET1;SEASHELLS;58695.0;3
62000;;;PICNIC_BASKET2;SEASHELLS;30292.0;3
62300;;;PICNIC_BASKET1;SEASHELLS;58703.0;7
62300;;;PICNIC_BASKET2;SEASHELLS;30292.0;7
62300;;;RAINFOREST_RESIN;SEASHELLS;9992.0;7
62400;;;RAINFOREST_RESIN;SEASHELLS;9992.0;2
62500;;;RAINFOREST_RESIN;SEASHELLS;10008.0;2
62600;;;CROISSANTS;SEASHELLS;4273.0;7
62600;;;VOLCANIC_ROCK_VOUCHER_10000;SEASHELLS;472.0;12
62600;;;VOLCANIC_ROCK_VOUCHER_10000;SEASHELLS;472.0;1
62600;;;VOLCANIC_ROCK_VOUCHER_10250;SEASHELLS;238.0;12
62600;;;VOLCANIC_ROCK_VOUCHER_10250;SEASHELLS;238.0;1
62600;;;VOLCANIC_ROCK_VOUCHER_10500;SEASHELLS;73.0;12
62600;;;VOLCANIC_ROCK_VOUCHER_10500;SEASHELLS;73.0;1
62600;;;VOLCANIC_ROCK_VOUCHER_9500;SEASHELLS;969.0;12
62600;;;VOLCANIC_ROCK_VOUCHER_9500;SEASHELLS;969.0;1
62600;;;VOLCANIC_ROCK_VOUCHER_9750;SEASHELLS;719.0;12
62600;;;VOLCANIC_ROCK_VOUCHER_9750;SEASHELLS;719.0;1
62700;;;DJEMBES;SEASHELLS;13391.0;5
62700;;;KELP;SEASHELLS;2037.0;15
62700;;;SQUID_INK;SEASHELLS;1903.0;15
62800;;;RAINFOREST_RESIN;SEASHELLS;10002.0;3
62900;;;VOLCANIC_ROCK_VOUCHER_10000;SEASHELLS;472.0;13
62900;;;VOLCANIC_ROCK_VOUCHER_10000;SEASHELLS;472.0;2
62900;;;VOLCANIC_ROCK_VOUCHER_10250;SEASHELLS;238.0;13
62900;;;VOLCANIC_ROCK_VOUCHER_10250;SEASHELLS;238.0;2
62900;;;VOLCANIC_ROCK_VOUCHER_10500;SEASHELLS;73.0;13
62900;;;VOLCANIC_ROCK_VOUCHER_10500;SEASHELLS;73.0;2
62900;;;VOLCANIC_ROCK_VOUCHER_9500;SEASHELLS;969.0;13
62900;;;VOLCANIC_ROCK_VOUCHER_9500;SEASHELLS;969.0;2
62900;;;VOLCANIC_ROCK_VOUCHER_9750;SEASHELLS;720.0;13
62900;;;VOLCANIC_ROCK_VOUCHER_9750;SEASHELLS;720.0;2
63000;;;DJEMBES;SEASHELLS;13392.0;2
63000;;;VOLCANIC_ROCK_VOUCHER_10000;SEASHELLS;469.0;11
63000;;;VOLCANIC_ROCK_VOUCHER_10250;SEASHELLS;237.0;11
63000;;;VOLCANIC_ROCK_VOUCHER_10500;SEASHELLS;72.0;11
63000;;;VOLCANIC_ROCK_VOUCHER_9500;SEASHELLS;967.0;11
63000;;;VOLCANIC_ROCK_VOUCHER_9750;SEASHELLS;718.0;11
63200;;;JAMS;SEASHELLS;6530.0;9
63200;;;VOLCANIC_ROCK_VOUCHER_10000;SEASHELLS;471.0;15
63200;;;VOLCANIC_ROCK_VOUCHER_10000;SEASHELLS;471.0;1
63200;;;VOLCANIC_ROCK_VOUCHER_10250;SEASHELLS;238.0;15
63200;;;VOLCANIC_ROCK_VOUCHER_10250;SEASHELLS;238.0;1
63200;;;VOLCANIC_ROCK_VOUCHER_10500;SEASHELLS;73.0;15
63200;;;VOLCANIC_ROCK_VOUCHER_10500;SEASHELLS;73.0;1
63200;;;VOLCANIC_ROCK_VOUCHER_9500;SEASHELLS;969.0;15
63200;;;VOLCANIC_ROCK_VOUCHER_9500;SEASHELLS;969.0;1
63200;;;VOLCANIC_ROCK_VOUCHER_9750;SEASHELLS;719.0;15
63200;;;VOLCANIC_ROCK_VOUCHER_9750;SEASHELLS;719.0;1
63300;;;KELP;SEASHELLS;2036.0;1
63300;;;SQUID_INK;SEASHELLS;1906.0;1
63600;;;DJEMBES;SEASHELLS;13391.0;3
63600;;;KELP;SEASHELLS;2036.0;1
63600;;;RAINFOREST_RESIN;SEASHELLS;10002.0;5
63600;;;SQUID_INK;SEASHELLS;1901.0;1
63700;;;KELP;SEASHELLS;2035.0;5
63700;;;SQUID_INK;SEASHELLS;1901.0;5
63900;;;KELP;SEASHELLS;2035.0;2
63900;;;RAINFOREST_RESIN;SEASHELLS;9998.0;5
63900;;;SQUID_INK;SEASHELLS;1901.0;2
64000;;;KELP;SEASHELLS;2034.0;1
64000;;;RAINFOREST_RESIN;SEASHELLS;9997.0;10
64000;;;SQUID_INK;SEASHELLS;1900.0;1
64100;;;JAMS;SEASHELLS;6528.0;7
64300;;;JAMS;SEASHELLS;6528.0;8
64700;;;JAMS;SEASHELLS;6527.0;8
64800;;;KELP;SEASHELLS;2034.0;1
64800;;;SQUID_INK;SEASHELLS;1898.0;1
65000;;;JAMS;SEASHELLS;6528.0;7
65000;;;RAINFOREST_RESIN;SEASHELLS;10001.0;1
65200;;;KELP;SEASHELLS;2034.0;1
65200;;;SQUID_INK;SEASHELLS;1903.0;1
65300;;;DJEMBES;SEASHELLS;13391.0;1
65400;;;KELP;SEASHELLS;2035.0;1
65400;;;KELP;SEASHELLS;2035.0;2
65400;;;RAINFOREST_RESIN;SEASHELLS;10001.0;1
65400;;;SQUID_INK;SEASHELLS;1900.0;1
65400;;;SQUID_INK;SEASHELLS;1900.0;2
65500;;;VOLCANIC_ROCK;SEASHELLS;10465.0;5
65600;;;CROISSANTS;SEASHELLS;4273.0;5
65700;;;KELP;SEASHELLS;2034.0;1
65700;;;SQUID_INK;SEASHELLS;1901.0;1
65800;;;VOLCANIC_ROCK;SEASHELLS;10465.0;7
65900;;;DJEMBES;SEASHELLS;13389.0;1
66100;;;KELP;SEASHELLS;2038.0;2
66100;;;SQUID_INK;SEASHELLS;1904.0;2
66200;;;SQUID_INK;SEASHELLS;1902.0;5
66300;;;KELP;SEASHELLS;2038.0;4
66300;;;RAINFOREST_RESIN;SEASHELLS;9998.0;4
66300;;;SQUID_INK;SEASHELLS;1904.0;4
66500;;;CROISSANTS;SEASHELLS;4272.0;5
66500;;;KELP;SEASHELLS;2038.0;11
66500;;;RAINFOREST_RESIN;SEASHELLS;10003.0;2
66500;;;SQUID_INK;SEASHELLS;1906.0;11
66500;;;VOLCANIC_ROCK_VOUCHER_10000;SEASHELLS;466.0;10
66500;;;VOLCANIC_ROCK_VOUCHER_10000;SEASHELLS;466.0;1
66500;;;VOLCANIC_ROCK_VOUCHER_10250;SEASHELLS;233.0;10
66500;;;VOLCANIC_ROCK_VOUCHER_10250;SEASHELLS;233.0;1
66500;;;VOLCANIC_ROCK_VOUCHER_10500;SEASHELLS;70.0;10
66500;;;VOLCANIC_ROCK_VOUCHER_10500;SEASHELLS;70.0;1
66500;;;VOLCANIC_ROCK_VOUCHER_9500;SEASHELLS;963.0;10
66500;;;VOLCANIC_ROCK_VOUCHER_9500;SEASHELLS;963.0;1
66500;;;VOLCANIC_ROCK_VOUCHER_9750;SEASHELLS;713.0;10
66500;;;VOLCANIC_ROCK_VOUCHER_9750;SEASHELLS;713.0;1
66900;;;VOLCANIC_ROCK;SEASHELLS;10453.0;7
67300;;;VOLCANIC_ROCK_VOUCHER_10000;SEASHELLS;464.0;11
67300;;;VOLCANIC_ROCK_VOUCHER_10250;SEASHELLS;232.0;11
67300;;;VOLCANIC_ROCK_VOUCHER_10500;SEASHELLS;69.0;11
67300;;;VOLCANIC_ROCK_VOUCHER_9750;SEASHELLS;712.0;11
67400;;;CROISSANTS;SEASHELLS;4272.0;5
67600;;;CROISSANTS;SEASHELLS;4272.0;9
67700;;;KELP;SEASHELLS;2036.0;3
67700;;;RAINFOREST_RESIN;SEASHELLS;10001.0;1
67700;;;SQUID_INK;SEASHELLS;1897.0;3
68000;;;DJEMBES;SEASHELLS;13384.0;1
68000;;;KELP;SEASHELLS;2037.0;1
68000;;;RAINFOREST_RESIN;SEASHELLS;9992.0;7
68500;;;CROISSANTS;SEASHELLS;4274.0;7
68500;;;KELP;SEASHELLS;2037.0;1
68500;;;KELP;SEASHELLS;2036.0;1
68500;;;SQUID_INK;SEASHELLS;1897.0;1
68500;;;SQUID_INK;SEASHELLS;1897.0;1
68600;;;PICNIC_BASKET1;SEASHELLS;58652.0;5
68600;;;PICNIC_BASKET2;SEASHELLS;30274.0;5
69100;;;KELP;SEASHELLS;2035.0;1
69100;;;RAINFOREST_RESIN;SEASHELLS;10001.0;1
69100;;;SQUID_INK;SEASHELLS;1901.0;1
69100;;;VOLCANIC_ROCK;SEASHELLS;10462.0;10
69200;;;RAINFOREST_RESIN;SEASHELLS;9998.0;4
69300;;;DJEMBES;SEASHELLS;13384.0;5
69300;;;RAINFOREST_RESIN;SEASHELLS;9992.0;6
69400;;;RAINFOREST_RESIN;SEASHELLS;10002.0;4
69500;;;RAINFOREST_RESIN;SEASHELLS;9992.0;1
69600;;;RAINFOREST_RESIN;SEASHELLS;9992.0;1
69700;;;PICNIC_BASKET1;SEASHELLS;58662.0;5
69700;;;PICNIC_BASKET2;SEASHELLS;30257.0;5
69800;;;KELP;SEASHELLS;2034.0;1
69800;;;SQUID_INK;SEASHELLS;1897.0;1
69900;;;RAINFOREST_RESIN;SEASHELLS;10008.0;1
69900;;;VOLCANIC_ROCK;SEASHELLS;10467.0;8
70100;;;JAMS;SEASHELLS;6523.0;4
70100;;;JAMS;SEASHELLS;6525.0;4
70100;;;KELP;SEASHELLS;2034.0;1
70100;;;SQUID_INK;SEASHELLS;1900.0;1
70200;;;DJEMBES;SEASHELLS;13386.0;1
70300;;;KELP;SEASHELLS;2037.0;1
70300;;;SQUID_INK;SEASHELLS;1900.0;1
70300;;;VOLCANIC_ROCK;SEASHELLS;10468.0;7
70400;;;JAMS;SEASHELLS;6522.0;5
70400;;;PICNIC_BASKET1;SEASHELLS;58670.0;2
70400;;;PICNIC_BASKET2;SEASHELLS;30265.0;7
70600;;;KELP;SEASHELLS;2034.0;1
70600;;;SQUID_INK;SEASHELLS;1897.0;1
70700;;;KELP;SEASHELLS;2037.0;1
70700;;;SQUID_INK;SEASHELLS;1902.0;1
70800;;;RAINFOREST_RESIN;SEASHELLS;9992.0;1
70900;;;DJEMBES;SEASHELLS;13386.0;4
70900;;;KELP;SEASHELLS;2034.0;1
70900;;;SQUID_INK;SEASHELLS;1897.0;1
71000;;;CROISSANTS;SEASHELLS;4274.0;8
71000;;;KELP;SEASHELLS;2036.0;1
71000;;;RAINFOREST_RESIN;SEASHELLS;9997.0;11
71000;;;SQUID_INK;SEASHELLS;1900.0;1
71100;;;JAMS;SEASHELLS;6527.0;9
71200;;;JAMS;SEASHELLS;6527.0;9
71400;;;VOLCANIC_ROCK;SEASHELLS;10468.0;6
71500;;;RAINFOREST_RESIN;SEASHELLS;10002.0;4
71700;;;KELP;SEASHELLS;2034.0;1
71700;;;SQUID_INK;SEASHELLS;1900.0;1
71800;;;VOLCANIC_ROCK;SEASHELLS;10468.0;8
71900;;;CROISSANTS;SEASHELLS;4275.0;5
71900;;;PICNIC_BASKET2;SEASHELLS;30270.0;2
72000;;;VOLCANIC_ROCK_VOUCHER_10000;SEASHELLS;468.0;16
72000;;;VOLCANIC_ROCK_VOUCHER_10000;SEASHELLS;468.0;1
72000;;;VOLCANIC_ROCK_VOUCHER_10250;SEASHELLS;236.0;16
72000;;;VOLCANIC_ROCK_VOUCHER_10250;SEASHELLS;236.0;1
72000;;;VOLCANIC_ROCK_VOUCHER_10500;SEASHELLS;72.0;16
72000;;;VOLCANIC_ROCK_VOUCHER_10500;SEASHELLS;72.0;1
72000;;;VOLCANIC_ROCK_VOUCHER_9500;SEASHELLS;967.0;16
72000;;;VOLCANIC_ROCK_VOUCHER_9500;SEASHELLS;967.0;1
72000;;;VOLCANIC_ROCK_VOUCHER_9750;SEASHELLS;717.0;16
72000;;;VOLCANIC_ROCK_VOUCHER_9750;SEASHELLS;717.0;1
72100;;;CROISSANTS;SEASHELLS;4274.0;8
72200;;;CROISSANTS;SEASHELLS;4276.0;7
72400;;;CROISSANTS;SEASHELLS;4275.0;6
72400;;;RAINFOREST_RESIN;SEASHELLS;10001.0;1
72500;;;PICNIC_BASKET1;SEASHELLS;58679.0;1
72500;;;PICNIC_BASKET2;SEASHELLS;30268.0;1
72600;;;PICNIC_BASKET1;SEASHELLS;58681.0;4
72600;;;PICNIC_BASKET2;SEASHELLS;30269.0;4
72700;;;RAINFOREST_RESIN;SEASHELLS;10001.0;1
72800;;;KELP;SEASHELLS;2034.0;8
72800;;;SQUID_INK;SEASHELLS;1900.0;8
72900;;;JAMS;SEASHELLS;6527.0;5
73000;;;RAINFOREST_RESIN;SEASHELLS;10002.0;5
73100;;;JAMS;SEASHELLS;6526.0;4
73100;;;VOLCANIC_ROCK;SEASHELLS;10474.0;9
73300;;;VOLCANIC_ROCK_VOUCHER_10000;SEASHELLS;476.0;10
73300;;;VOLCANIC_ROCK_VOUCHER_10250;SEASHELLS;242.0;10
73300;;;VOLCANIC_ROCK_VOUCHER_10500;SEASHELLS;75.0;10
73300;;;VOLCANIC_ROCK_VOUCHER_9500;SEASHELLS;974.0;10
73300;;;VOLCANIC_ROCK_VOUCHER_9750;SEASHELLS;724.0;10
73400;;;RAINFOREST_RESIN;SEASHELLS;9992.0;2
73600;;;KELP;SEASHELLS;2033.0;2
73600;;;RAINFOREST_RESIN;SEASHELLS;9999.0;1
73600;;;SQUID_INK;SEASHELLS;1898.0;2
73700;;;JAMS;SEASHELLS;6526.0;8
73700;;;VOLCANIC_ROCK_VOUCHER_10000;SEASHELLS;479.0;13
73700;;;VOLCANIC_ROCK_VOUCHER_10250;SEASHELLS;244.0;13
73700;;;VOLCANIC_ROCK_VOUCHER_10500;SEASHELLS;76.0;13
73700;;;VOLCANIC_ROCK_VOUCHER_9500;SEASHELLS;976.0;13
73700;;;VOLCANIC_ROCK_VOUCHER_9750;SEASHELLS;726.0;13
73800;;;RAINFOREST_RESIN;SEASHELLS;9998.0;4
73900;;;CROISSANTS;SEASHELLS;4275.0;5
73900;;;KELP;SEASHELLS;2037.0;2
73900;;;SQUID_INK;SEASHELLS;1904.0;2
74200;;;KELP;SEASHELLS;2035.0;2
74200;;;RAINFOREST_RESIN;SEASHELLS;10008.0;2
74200;;;SQUID_INK;SEASHELLS;1902.0;2
74300;;;KELP;SEASHELLS;2035.0;1
74300;;;KELP;SEASHELLS;2035.0;1
74300;;;RAINFOREST_RESIN;SEASHELLS;10008.0;1
74300;;;SQUID_INK;SEASHELLS;1902.0;1
74300;;;SQUID_INK;SEASHELLS;1901.0;1
74400;;;RAINFOREST_RESIN;SEASHELLS;10001.0;1
74600;;;DJEMBES;SEASHELLS;13382.0;4
74700;;;RAINFOREST_RESIN;SEASHELLS;9992.0;5
74800;;;JAMS;SEASHELLS;6526.0;12
74800;;;VOLCANIC_ROCK;SEASHELLS;10469.0;8
74800;;;VOLCANIC_ROCK_VOUCHER_10000;SEASHELLS;471.0;14
74800;;;VOLCANIC_ROCK_VOUCHER_10000;SEASHELLS;472.0;14
74800;;;VOLCANIC_ROCK_VOUCHER_10250;SEASHELLS;238.0;14
74800;;;VOLCANIC_ROCK_VOUCHER_10250;SEASHELLS;239.0;14
74800;;;VOLCANIC_ROCK_VOUCHER_10500;SEASHELLS;72.0;14
74800;;;VOLCANIC_ROCK_VOUCHER_10500;SEASHELLS;73.0;14
74800;;;VOLCANIC_ROCK_VOUCHER_9500;SEASHELLS;969.0;14
74800;;;VOLCANIC_ROCK_VOUCHER_9500;SEASHELLS;970.0;14
74800;;;VOLCANIC_ROCK_VOUCHER_9750;SEASHELLS;719.0;14
74800;;;VOLCANIC_ROCK_VOUCHER_9750;SEASHELLS;720.0;14
75000;;;DJEMBES;SEASHELLS;13378.0;3
75000;;;KELP;SEASHELLS;2032.0;1
75000;;;SQUID_INK;SEASHELLS;1903.0;1
75000;;;VOLCANIC_ROCK;SEASHELLS;10469.0;7
75100;;;DJEMBES;SEASHELLS;13379.0;2
75200;;;CROISSANTS;SEASHELLS;4272.0;6
75300;;;RAINFOREST_RESIN;SEASHELLS;10008.0;2
75500;;;JAMS;SEASHELLS;6524.0;4
75500;;;KELP;SEASHELLS;2033.0;1
75500;;;SQUID_INK;SEASHELLS;1900.0;2
75500;;;VOLCANIC_ROCK_VOUCHER_10000;SEASHELLS;467.0;15
75500;;;VOLCANIC_ROCK_VOUCHER_10000;SEASHELLS;467.0;1
75500;;;VOLCANIC_ROCK_VOUCHER_10250;SEASHELLS;235.0;15
75500;;;VOLCANIC_ROCK_VOUCHER_10250;SEASHELLS;235.0;1
75500;;;VOLCANIC_ROCK_VOUCHER_10500;SEASHELLS;71.0;15
75500;;;VOLCANIC_ROCK_VOUCHER_10500;SEASHELLS;71.0;1
75500;;;VOLCANIC_ROCK_VOUCHER_9500;SEASHELLS;965.0;15
75500;;;VOLCANIC_ROCK_VOUCHER_9500;SEASHELLS;965.0;1
75500;;;VOLCANIC_ROCK_VOUCHER_9750;SEASHELLS;715.0;15
75500;;;VOLCANIC_ROCK_VOUCHER_9750;SEASHELLS;715.0;1
75600;;;DJEMBES;SEASHELLS;13379.0;5
75600;;;RAINFOREST_RESIN;SEASHELLS;9997.0;9
75600;;;VOLCANIC_ROCK_VOUCHER_10000;SEASHELLS;464.0;9
75600;;;VOLCANIC_ROCK_VOUCHER_10250;SEASHELLS;232.0;9
75600;;;VOLCANIC_ROCK_VOUCHER_10500;SEASHELLS;69.0;9
75600;;;VOLCANIC_ROCK_VOUCHER_9500;SEASHELLS;962.0;9
75600;;;VOLCANIC_ROCK_VOUCHER_9750;SEASHELLS;712.0;9
75700;;;KELP;SEASHELLS;2036.0;2
75700;;;RAINFOREST_RESIN;SEASHELLS;10002.0;2
75700;;;SQUID_INK;SEASHELLS;1902.0;2
75900;;;CROISSANTS;SEASHELLS;4272.0;8
76000;;;PICNIC_BASKET1;SEASHELLS;58624.0;5
76000;;;PICNIC_BASKET2;SEASHELLS;30251.0;5
76400;;;VOLCANIC_ROCK_VOUCHER_10000;SEASHELLS;473.0;16
76400;;;VOLCANIC_ROCK_VOUCHER_10250;SEASHELLS;240.0;16
76400;;;VOLCANIC_ROCK_VOUCHER_10500;SEASHELLS;74.0;16
76400;;;VOLCANIC_ROCK_VOUCHER_9500;SEASHELLS;971.0;16
76400;;;VOLCANIC_ROCK_VOUCHER_9750;SEASHELLS;721.0;16
76700;;;KELP;SEASHELLS;2033.0;1
76700;;;KELP;SEASHELLS;2033.0;2
76700;;;SQUID_INK;SEASHELLS;1900.0;1
76700;;;SQUID_INK;SEASHELLS;1899.0;2
76900;;;KELP;SEASHELLS;2033.0;1
76900;;;PICNIC_BASKET1;SEASHELLS;58607.0;6
76900;;;PICNIC_BASKET2;SEASHELLS;30246.0;6
76900;;;RAINFOREST_RESIN;SEASHELLS;10008.0;6
76900;;;SQUID_INK;SEASHELLS;1897.0;1
77100;;;CROISSANTS;SEASHELLS;4272.0;7
77300;;;KELP;SEASHELLS;2033.0;1
77300;;;SQUID_INK;SEASHELLS;1901.0;1
77400;;;KELP;SEASHELLS;2035.0;3
77400;;;SQUID_INK;SEASHELLS;1902.0;3
77500;;;CROISSANTS;SEASHELLS;4273.0;8
77500;;;JAMS;SEASHELLS;6521.0;8
77600;;;DJEMBES;SEASHELLS;13381.0;2
77600;;;RAINFOREST_RESIN;SEASHELLS;10008.0;6
77600;;;VOLCANIC_ROCK_VOUCHER_10000;SEASHELLS;467.0;11
77600;;;VOLCANIC_ROCK_VOUCHER_10250;SEASHELLS;234.0;11
77600;;;VOLCANIC_ROCK_VOUCHER_10500;SEASHELLS;70.0;11
77600;;;VOLCANIC_ROCK_VOUCHER_9750;SEASHELLS;715.0;11
77700;;;VOLCANIC_ROCK;SEASHELLS;10464.0;6
77900;;;CROISSANTS;SEASHELLS;4275.0;7
77900;;;VOLCANIC_ROCK_VOUCHER_10000;SEASHELLS;470.0;10
77900;;;VOLCANIC_ROCK_VOUCHER_10000;SEASHELLS;470.0;1
77900;;;VOLCANIC_ROCK_VOUCHER_10250;SEASHELLS;237.0;10
77900;;;VOLCANIC_ROCK_VOUCHER_10250;SEASHELLS;237.0;1
77900;;;VOLCANIC_ROCK_VOUCHER_10500;SEASHELLS;72.0;10
77900;;;VOLCANIC_ROCK_VOUCHER_10500;SEASHELLS;72.0;1
77900;;;VOLCANIC_ROCK_VOUCHER_9500;SEASHELLS;968.0;10
77900;;;VOLCANIC_ROCK_VOUCHER_9500;SEASHELLS;968.0;1
77900;;;VOLCANIC_ROCK_VOUCHER_9750;SEASHELLS;718.0;10
77900;;;VOLCANIC_ROCK_VOUCHER_9750;SEASHELLS;718.0;1
78100;;;VOLCANIC_ROCK_VOUCHER_10000;SEASHELLS;469.0;16
78100;;;VOLCANIC_ROCK_VOUCHER_10250;SEASHELLS;236.0;16
78100;;;VOLCANIC_ROCK_VOUCHER_9500;SEASHELLS;966.0;16
78100;;;VOLCANIC_ROCK_VOUCHER_9750;SEASHELLS;717.0;16
78200;;;KELP;SEASHELLS;2036.0;1
78200;;;RAINFOREST_RESIN;SEASHELLS;10008.0;5
78200;;;SQUID_INK;SEASHELLS;1901.0;1
78300;;;DJEMBES;SEASHELLS;13376.0;5
78400;;;VOLCANIC_ROCK;SEASHELLS;10467.0;5
78500;;;CROISSANTS;SEASHELLS;4274.0;8
78500;;;VOLCANIC_ROCK_VOUCHER_10000;SEASHELLS;469.0;13
78500;;;VOLCANIC_ROCK_VOUCHER_10250;SEASHELLS;236.0;13
78500;;;VOLCANIC_ROCK_VOUCHER_10500;SEASHELLS;71.0;13
78500;;;VOLCANIC_ROCK_VOUCHER_9500;SEASHELLS;967.0;13
78500;;;VOLCANIC_ROCK_VOUCHER_9750;SEASHELLS;717.0;13
78600;;;JAMS;SEASHELLS;6522.0;7
78700;;;JAMS;SEASHELLS;6520.0;3
78800;;;RAINFOREST_RESIN;SEASHELLS;10001.0;1
78900;;;CROISSANTS;SEASHELLS;4272.0;4
79000;;;DJEMBES;SEASHELLS;13376.0;5
79000;;;PICNIC_BASKET1;SEASHELLS;58604.0;1
79000;;;PICNIC_BASKET2;SEASHELLS;30255.0;1
79100;;;CROISSANTS;SEASHELLS;4273.0;8
79100;;;DJEMBES;SEASHELLS;13376.0;4
79100;;;RAINFOREST_RESIN;SEASHELLS;10008.0;1
79100;;;RAINFOREST_RESIN;SEASHELLS;10002.0;5
79300;;;JAMS;SEASHELLS;6521.0;10
79300;;;VOLCANIC_ROCK;SEASHELLS;10464.0;7
79400;;;KELP;SEASHELLS;2036.0;1
79400;;;PICNIC_BASKET1;SEASHELLS;58612.0;6
79400;;;PICNIC_BASKET2;SEASHELLS;30260.0;6
79400;;;SQUID_INK;SEASHELLS;1905.0;1
79400;;;VOLCANIC_ROCK_VOUCHER_10500;SEASHELLS;71.0;13
79400;;;VOLCANIC_ROCK_VOUCHER_9500;SEASHELLS;965.0;13
79400;;;VOLCANIC_ROCK_VOUCHER_9750;SEASHELLS;715.0;13
79500;;;KELP;SEASHELLS;2033.0;1
79500;;;SQUID_INK;SEASHELLS;1902.0;1
79700;;;DJEMBES;SEASHELLS;13378.0;6
80000;;;DJEMBES;SEASHELLS;13379.0;2
80000;;;KELP;SEASHELLS;2033.0;1
80000;;;SQUID_INK;SEASHELLS;1902.0;1
80100;;;KELP;SEASHELLS;2033.0;1
80100;;;SQUID_INK;SEASHELLS;1904.0;1
80200;;;JAMS;SEASHELLS;6522.0;7
80200;;;RAINFOREST_RESIN;SEASHELLS;9992.0;9
80200;;;RAINFOREST_RESIN;SEASHELLS;9999.0;1
80300;;;KELP;SEASHELLS;2034.0;6
80400;;;RAINFOREST_RESIN;SEASHELLS;10008.0;6
80500;;;KELP;SEASHELLS;2033.0;2
80500;;;KELP;SEASHELLS;2036.0;1
80500;;;SQUID_INK;SEASHELLS;1902.0;2
80500;;;SQUID_INK;SEASHELLS;1905.0;1
80700;;;PICNIC_BASKET1;SEASHELLS;58632.0;2
80700;;;PICNIC_BASKET2;SEASHELLS;30275.0;9
80700;;;VOLCANIC_ROCK;SEASHELLS;10465.0;6
80900;;;RAINFOREST_RESIN;SEASHELLS;10002.0;4
81100;;;RAINFOREST_RESIN;SEASHELLS;10008.0;7
81200;;;DJEMBES;SEASHELLS;13381.0;2
81200;;;KELP;SEASHELLS;2036.0;2
81200;;;SQUID_INK;SEASHELLS;1904.0;2
81300;;;JAMS;SEASHELLS;6525.0;8
81300;;;KELP;SEASHELLS;2036.0;2
81300;;;KELP;SEASHELLS;2035.0;1
81300;;;SQUID_INK;SEASHELLS;1903.0;2
81300;;;SQUID_INK;SEASHELLS;1902.0;1
81500;;;JAMS;SEASHELLS;6524.0;4
81800;;;JAMS;SEASHELLS;6525.0;4
82000;;;RAINFOREST_RESIN;SEASHELLS;10008.0;2
82100;;;RAINFOREST_RESIN;SEASHELLS;9999.0;1
82300;;;PICNIC_BASKET1;SEASHELLS;58626.0;8
82300;;;PICNIC_BASKET2;SEASHELLS;30263.0;8
82400;;;DJEMBES;SEASHELLS;13376.0;1
82600;;;KELP;SEASHELLS;2033.0;2
82600;;;SQUID_INK;SEASHELLS;1895.0;14
82900;;;VOLCANIC_ROCK;SEASHELLS;10473.0;5
83200;;;VOLCANIC_ROCK_VOUCHER_10000;SEASHELLS;473.0;12
83200;;;VOLCANIC_ROCK_VOUCHER_10000;SEASHELLS;473.0;2
83200;;;VOLCANIC_ROCK_VOUCHER_10250;SEASHELLS;240.0;12
83200;;;VOLCANIC_ROCK_VOUCHER_10250;SEASHELLS;240.0;2
83200;;;VOLCANIC_ROCK_VOUCHER_10500;SEASHELLS;73.0;12
83200;;;VOLCANIC_ROCK_VOUCHER_10500;SEASHELLS;73.0;2
83200;;;VOLCANIC_ROCK_VOUCHER_9500;SEASHELLS;972.0;12
83200;;;VOLCANIC_ROCK_VOUCHER_9500;SEASHELLS;972.0;2
83200;;;VOLCANIC_ROCK_VOUCHER_9750;SEASHELLS;722.0;12
83200;;;VOLCANIC_ROCK_VOUCHER_9750;SEASHELLS;722.0;2
83300;;;JAMS;SEASHELLS;6528.0;6
83300;;;VOLCANIC_ROCK_VOUCHER_10000;SEASHELLS;476.0;12
83300;;;VOLCANIC_ROCK_VOUCHER_10250;SEASHELLS;243.0;12
83300;;;VOLCANIC_ROCK_VOUCHER_10500;SEASHELLS;75.0;12
83300;;;VOLCANIC_ROCK_VOUCHER_9500;SEASHELLS;975.0;12
83300;;;VOLCANIC_ROCK_VOUCHER_9750;SEASHELLS;725.0;12
83500;;;CROISSANTS;SEASHELLS;4271.0;8
83600;;;KELP;SEASHELLS;2033.0;2
83600;;;RAINFOREST_RESIN;SEASHELLS;9999.0;1
83600;;;SQUID_INK;SEASHELLS;1893.0;2
83700;;;RAINFOREST_RESIN;SEASHELLS;9992.0;7
84000;;;CROISSANTS;SEASHELLS;4271.0;7
84000;;;KELP;SEASHELLS;2033.0;1
84000;;;SQUID_INK;SEASHELLS;1895.0;1
84300;;;KELP;SEASHELLS;2033.0;1
84300;;;SQUID_INK;SEASHELLS;1896.0;1
84400;;;RAINFOREST_RESIN;SEASHELLS;10002.0;5
84900;;;RAINFOREST_RESIN;SEASHELLS;10002.0;3
85000;;;CROISSANTS;SEASHELLS;4272.0;8
85200;;;RAINFOREST_RESIN;SEASHELLS;9997.0;2
85500;;;JAMS;SEASHELLS;6527.0;8
85500;;;KELP;SEASHELLS;2034.0;1
85500;;;SQUID_INK;SEASHELLS;1896.0;1
85500;;;VOLCANIC_ROCK;SEASHELLS;10481.0;9
85800;;;SQUID_INK;SEASHELLS;1897.0;2
85800;;;SQUID_INK;SEASHELLS;1897.0;2
86000;;;KELP;SEASHELLS;2034.0;1
86000;;;KELP;SEASHELLS;2034.0;4
86000;;;RAINFOREST_RESIN;SEASHELLS;9992.0;6
86000;;;RAINFOREST_RESIN;SEASHELLS;9999.0;1
86000;;;SQUID_INK;SEASHELLS;1899.0;1
86100;;;KELP;SEASHELLS;2032.0;1
86100;;;SQUID_INK;SEASHELLS;1897.0;1
86200;;;KELP;SEASHELLS;2032.0;1
86200;;;RAINFOREST_RESIN;SEASHELLS;9992.0;2
86200;;;SQUID_INK;SEASHELLS;1898.0;1
86500;;;DJEMBES;SEASHELLS;13379.0;3
86500;;;VOLCANIC_ROCK;SEASHELLS;10491.0;6
86600;;;JAMS;SEASHELLS;6522.0;9
86600;;;KELP;SEASHELLS;2032.0;1
86600;;;RAINFOREST_RESIN;SEASHELLS;9997.0;9
86600;;;SQUID_INK;SEASHELLS;1898.0;1
86700;;;JAMS;SEASHELLS;6524.0;7
86700;;;KELP;SEASHELLS;2034.0;1
86700;;;SQUID_INK;SEASHELLS;1899.0;1
86800;;;RAINFOREST_RESIN;SEASHELLS;10002.0;3
86900;;;KELP;SEASHELLS;2034.0;1
86900;;;SQUID_INK;SEASHELLS;1899.0;1
87000;;;CROISSANTS;SEASHELLS;4274.0;5
87000;;;KELP;SEASHELLS;2032.0;1
87000;;;SQUID_INK;SEASHELLS;1897.0;1
87300;;;VOLCANIC_ROCK_VOUCHER_10000;SEASHELLS;491.0;11
87300;;;VOLCANIC_ROCK_VOUCHER_10250;SEASHELLS;255.0;11
87300;;;VOLCANIC_ROCK_VOUCHER_10500;SEASHELLS;81.0;11
87300;;;VOLCANIC_ROCK_VOUCHER_9500;SEASHELLS;989.0;11
87300;;;VOLCANIC_ROCK_VOUCHER_9750;SEASHELLS;739.0;11
87400;;;KELP;SEASHELLS;2032.0;1
87400;;;SQUID_INK;SEASHELLS;1897.0;1
87600;;;SQUID_INK;SEASHELLS;1898.0;1
87700;;;DJEMBES;SEASHELLS;13372.0;2
88200;;;DJEMBES;SEASHELLS;13370.0;9
88200;;;KELP;SEASHELLS;2035.0;1
88200;;;RAINFOREST_RESIN;SEASHELLS;9992.0;2
88200;;;SQUID_INK;SEASHELLS;1899.0;1
88400;;;KELP;SEASHELLS;2034.0;1
88400;;;SQUID_INK;SEASHELLS;1897.0;1
88500;;;KELP;SEASHELLS;2035.0;1
88500;;;SQUID_INK;SEASHELLS;1898.0;1
88500;;;VOLCANIC_ROCK;SEASHELLS;10502.0;9
88500;;;VOLCANIC_ROCK_VOUCHER_10000;SEASHELLS;505.0;19
88500;;;VOLCANIC_ROCK_VOUCHER_10250;SEASHELLS;267.0;19
88500;;;VOLCANIC_ROCK_VOUCHER_10500;SEASHELLS;87.0;19
88500;;;VOLCANIC_ROCK_VOUCHER_9500;SEASHELLS;1003.0;19
88500;;;VOLCANIC_ROCK_VOUCHER_9750;SEASHELLS;753.0;19
88600;;;KELP;SEASHELLS;2032.0;4
88900;;;JAMS;SEASHELLS;6522.0;9
89100;;;JAMS;SEASHELLS;6524.0;8
89100;;;KELP;SEASHELLS;2032.0;1
89100;;;RAINFOREST_RESIN;SEASHELLS;10002.0;1
89100;;;RAINFOREST_RESIN;SEASHELLS;10002.0;2
89100;;;SQUID_INK;SEASHELLS;1892.0;1
89200;;;VOLCANIC_ROCK_VOUCHER_10000;SEASHELLS;504.0;16
89200;;;VOLCANIC_ROCK_VOUCHER_10250;SEASHELLS;267.0;16
89200;;;VOLCANIC_ROCK_VOUCHER_10500;SEASHELLS;87.0;16
89200;;;VOLCANIC_ROCK_VOUCHER_9500;SEASHELLS;1003.0;16
89200;;;VOLCANIC_ROCK_VOUCHER_9750;SEASHELLS;753.0;16
89300;;;PICNIC_BASKET1;SEASHELLS;58610.0;8
89300;;;PICNIC_BASKET2;SEASHELLS;30276.0;8
89300;;;VOLCANIC_ROCK;SEASHELLS;10503.0;5
89400;;;JAMS;SEASHELLS;6525.0;10
89600;;;KELP;SEASHELLS;2031.0;10
89600;;;SQUID_INK;SEASHELLS;1893.0;1
89600;;;SQUID_INK;SEASHELLS;1893.0;10
89700;;;JAMS;SEASHELLS;6526.0;5
89800;;;KELP;SEASHELLS;2034.0;1
89800;;;RAINFOREST_RESIN;SEASHELLS;10001.0;1
89800;;;SQUID_INK;SEASHELLS;1896.0;1
89900;;;KELP;SEASHELLS;2035.0;1
89900;;;SQUID_INK;SEASHELLS;1897.0;1
90100;;;RAINFOREST_RESIN;SEASHELLS;9992.0;7
90200;;;CROISSANTS;SEASHELLS;4272.0;7
90200;;;KELP;SEASHELLS;2034.0;1
90200;;;SQUID_INK;SEASHELLS;1893.0;1
90300;;;KELP;SEASHELLS;2035.0;2
90300;;;SQUID_INK;SEASHELLS;1895.0;2
90300;;;VOLCANIC_ROCK;SEASHELLS;10510.0;9
90400;;;KELP;SEASHELLS;2032.0;8
90400;;;SQUID_INK;SEASHELLS;1893.0;8
90500;;;KELP;SEASHELLS;2035.0;1
90500;;;SQUID_INK;SEASHELLS;1895.0;1
90700;;;KELP;SEASHELLS;2036.0;1
90700;;;SQUID_INK;SEASHELLS;1893.0;1
90800;;;RAINFOREST_RESIN;SEASHELLS;10002.0;3
91100;;;DJEMBES;SEASHELLS;13369.0;3
91100;;;RAINFOREST_RESIN;SEASHELLS;10001.0;1
91300;;;CROISSANTS;SEASHELLS;4272.0;8
91300;;;VOLCANIC_ROCK_VOUCHER_9750;SEASHELLS;764.0;5
91500;;;CROISSANTS;SEASHELLS;4271.0;9
91600;;;DJEMBES;SEASHELLS;13369.0;2
91600;;;KELP;SEASHELLS;2034.0;1
91600;;;RAINFOREST_RESIN;SEASHELLS;10008.0;1
91600;;;SQUID_INK;SEASHELLS;1886.0;1
91600;;;VOLCANIC_ROCK_VOUCHER_10000;SEASHELLS;514.0;13
91600;;;VOLCANIC_ROCK_VOUCHER_10250;SEASHELLS;276.0;13
91600;;;VOLCANIC_ROCK_VOUCHER_10500;SEASHELLS;93.0;13
91600;;;VOLCANIC_ROCK_VOUCHER_9500;SEASHELLS;1013.0;13
91600;;;VOLCANIC_ROCK_VOUCHER_9750;SEASHELLS;763.0;13
91800;;;KELP;SEASHELLS;2033.0;1
91800;;;SQUID_INK;SEASHELLS;1886.0;1
91900;;;KELP;SEASHELLS;2035.0;2
91900;;;SQUID_INK;SEASHELLS;1888.0;2
92000;;;JAMS;SEASHELLS;6520.0;10
92100;;;PICNIC_BASKET1;SEASHELLS;58602.0;2
92100;;;PICNIC_BASKET1;SEASHELLS;58601.0;1
92100;;;PICNIC_BASKET2;SEASHELLS;30267.0;2
92100;;;PICNIC_BASKET2;SEASHELLS;30266.0;1
92200;;;VOLCANIC_ROCK_VOUCHER_10000;SEASHELLS;503.0;8
92200;;;VOLCANIC_ROCK_VOUCHER_10250;SEASHELLS;266.0;8
92200;;;VOLCANIC_ROCK_VOUCHER_10500;SEASHELLS;87.0;8
92200;;;VOLCANIC_ROCK_VOUCHER_9500;SEASHELLS;1001.0;8
92200;;;VOLCANIC_ROCK_VOUCHER_9750;SEASHELLS;752.0;8
92300;;;KELP;SEASHELLS;2033.0;1
92300;;;KELP;SEASHELLS;2036.0;1
92300;;;RAINFOREST_RESIN;SEASHELLS;9997.0;1
92300;;;SQUID_INK;SEASHELLS;1888.0;1
92300;;;SQUID_INK;SEASHELLS;1891.0;1
92400;;;KELP;SEASHELLS;2036.0;2
92400;;;SQUID_INK;SEASHELLS;1891.0;2
92500;;;DJEMBES;SEASHELLS;13369.0;1
92500;;;PICNIC_BASKET1;SEASHELLS;58609.0;2
92500;;;PICNIC_BASKET2;SEASHELLS;30271.0;7
92600;;;KELP;SEASHELLS;2033.0;1
92600;;;RAINFOREST_RESIN;SEASHELLS;10008.0;5
92600;;;SQUID_INK;SEASHELLS;1886.0;1
92800;;;PICNIC_BASKET1;SEASHELLS;58613.0;1
92800;;;PICNIC_BASKET1;SEASHELLS;58613.0;3
92800;;;PICNIC_BASKET2;SEASHELLS;30275.0;4
93100;;;KELP;SEASHELLS;2034.0;2
93100;;;SQUID_INK;SEASHELLS;1887.0;2
93400;;;RAINFOREST_RESIN;SEASHELLS;10008.0;1
93600;;;KELP;SEASHELLS;2037.0;1
93600;;;RAINFOREST_RESIN;SEASHELLS;9999.0;1
93600;;;SQUID_INK;SEASHELLS;1888.0;1
93700;;;JAMS;SEASHELLS;6522.0;9
93800;;;JAMS;SEASHELLS;6523.0;8
94000;;;CROISSANTS;SEASHELLS;4274.0;6
94000;;;RAINFOREST_RESIN;SEASHELLS;9998.0;3
94100;;;RAINFOREST_RESIN;SEASHELLS;9992.0;2
94500;;;KELP;SEASHELLS;2037.0;15
94500;;;SQUID_INK;SEASHELLS;1893.0;15
94500;;;VOLCANIC_ROCK_VOUCHER_10000;SEASHELLS;502.0;11
94500;;;VOLCANIC_ROCK_VOUCHER_10500;SEASHELLS;87.0;11
94500;;;VOLCANIC_ROCK_VOUCHER_9500;SEASHELLS;1001.0;11
94500;;;VOLCANIC_ROCK_VOUCHER_9750;SEASHELLS;751.0;11
94600;;;CROISSANTS;SEASHELLS;4273.0;8
94600;;;VOLCANIC_ROCK_VOUCHER_10250;SEASHELLS;265.0;13
94600;;;VOLCANIC_ROCK_VOUCHER_10500;SEASHELLS;87.0;13
94600;;;VOLCANIC_ROCK_VOUCHER_9500;SEASHELLS;1000.0;13
94600;;;VOLCANIC_ROCK_VOUCHER_9750;SEASHELLS;751.0;13
94700;;;KELP;SEASHELLS;2035.0;1
94700;;;SQUID_INK;SEASHELLS;1892.0;1
94800;;;KELP;SEASHELLS;2033.0;2
94800;;;SQUID_INK;SEASHELLS;1890.0;2
94900;;;JAMS;SEASHELLS;6521.0;12
95000;;;RAINFOREST_RESIN;SEASHELLS;10008.0;8
95100;;;JAMS;SEASHELLS;6521.0;7
95100;;;KELP;SEASHELLS;2035.0;1
95100;;;SQUID_INK;SEASHELLS;1891.0;1
95300;;;KELP;SEASHELLS;2035.0;1
95300;;;SQUID_INK;SEASHELLS;1892.0;1
95400;;;DJEMBES;SEASHELLS;13361.0;3
95500;;;CROISSANTS;SEASHELLS;4273.0;7
95500;;;RAINFOREST_RESIN;SEASHELLS;9999.0;1
95600;;;RAINFOREST_RESIN;SEASHELLS;10008.0;2
95800;;;KELP;SEASHELLS;2033.0;1
95800;;;SQUID_INK;SEASHELLS;1888.0;1
95900;;;DJEMBES;SEASHELLS;13362.0;4
95900;;;KELP;SEASHELLS;2035.0;1
95900;;;SQUID_INK;SEASHELLS;1890.0;1
95900;;;VOLCANIC_ROCK_VOUCHER_10000;SEASHELLS;498.0;12
95900;;;VOLCANIC_ROCK_VOUCHER_10250;SEASHELLS;262.0;12
95900;;;VOLCANIC_ROCK_VOUCHER_10500;SEASHELLS;85.0;12
95900;;;VOLCANIC_ROCK_VOUCHER_9500;SEASHELLS;997.0;12
95900;;;VOLCANIC_ROCK_VOUCHER_9750;SEASHELLS;747.0;12
96000;;;KELP;SEASHELLS;2035.0;1
96000;;;SQUID_INK;SEASHELLS;1890.0;1
96100;;;CROISSANTS;SEASHELLS;4271.0;7
96100;;;KELP;SEASHELLS;2033.0;1
96100;;;KELP;SEASHELLS;2036.0;2
96100;;;RAINFOREST_RESIN;SEASHELLS;9992.0;1
96100;;;SQUID_INK;SEASHELLS;1888.0;1
96100;;;SQUID_INK;SEASHELLS;1891.0;1
96200;;;JAMS;SEASHELLS;6520.0;5
96200;;;VOLCANIC_ROCK;SEASHELLS;10497.0;8
96300;;;VOLCANIC_ROCK_VOUCHER_10000;SEASHELLS;502.0;12
96300;;;VOLCANIC_ROCK_VOUCHER_10000;SEASHELLS;503.0;11
96300;;;VOLCANIC_ROCK_VOUCHER_10250;SEASHELLS;264.0;12
96300;;;VOLCANIC_ROCK_VOUCHER_10250;SEASHELLS;265.0;11
96300;;;VOLCANIC_ROCK_VOUCHER_10500;SEASHELLS;86.0;12
96300;;;VOLCANIC_ROCK_VOUCHER_10500;SEASHELLS;87.0;11
96300;;;VOLCANIC_ROCK_VOUCHER_9500;SEASHELLS;1000.0;12
96300;;;VOLCANIC_ROCK_VOUCHER_9500;SEASHELLS;1001.0;11
96300;;;VOLCANIC_ROCK_VOUCHER_9750;SEASHELLS;750.0;12
96300;;;VOLCANIC_ROCK_VOUCHER_9750;SEASHELLS;751.0;11
96400;;;CROISSANTS;SEASHELLS;4272.0;5
96400;;;KELP;SEASHELLS;2033.0;7
96400;;;KELP;SEASHELLS;2033.0;3
96400;;;SQUID_INK;SEASHELLS;1889.0;7
96400;;;SQUID_INK;SEASHELLS;1889.0;3
96500;;;VOLCANIC_ROCK;SEASHELLS;10499.0;5
96600;;;KELP;SEASHELLS;2033.0;1
96600;;;SQUID_INK;SEASHELLS;1889.0;1
96600;;;VOLCANIC_ROCK_VOUCHER_10000;SEASHELLS;501.0;18
96600;;;VOLCANIC_ROCK_VOUCHER_10250;SEASHELLS;264.0;18
96600;;;VOLCANIC_ROCK_VOUCHER_10500;SEASHELLS;86.0;18
96600;;;VOLCANIC_ROCK_VOUCHER_9500;SEASHELLS;999.0;18
96600;;;VOLCANIC_ROCK_VOUCHER_9750;SEASHELLS;749.0;18
96900;;;RAINFOREST_RESIN;SEASHELLS;10008.0;6
97000;;;VOLCANIC_ROCK_VOUCHER_10000;SEASHELLS;506.0;13
97000;;;VOLCANIC_ROCK_VOUCHER_10000;SEASHELLS;506.0;1
97000;;;VOLCANIC_ROCK_VOUCHER_10250;SEASHELLS;268.0;13
97000;;;VOLCANIC_ROCK_VOUCHER_10250;SEASHELLS;268.0;1
97000;;;VOLCANIC_ROCK_VOUCHER_10500;SEASHELLS;89.0;13
97000;;;VOLCANIC_ROCK_VOUCHER_10500;SEASHELLS;89.0;1
97000;;;VOLCANIC_ROCK_VOUCHER_9500;SEASHELLS;1004.0;13
97000;;;VOLCANIC_ROCK_VOUCHER_9500;SEASHELLS;1004.0;1
97000;;;VOLCANIC_ROCK_VOUCHER_9750;SEASHELLS;755.0;13
97000;;;VOLCANIC_ROCK_VOUCHER_9750;SEASHELLS;755.0;1
97100;;;JAMS;SEASHELLS;6517.0;7
97100;;;JAMS;SEASHELLS;6518.0;9
97100;;;RAINFOREST_RESIN;SEASHELLS;10002.0;3
97100;;;VOLCANIC_ROCK;SEASHELLS;10504.0;7
97200;;;KELP;SEASHELLS;2034.0;5
97200;;;SQUID_INK;SEASHELLS;1893.0;5
97300;;;RAINFOREST_RESIN;SEASHELLS;10008.0;7
97300;;;RAINFOREST_RESIN;SEASHELLS;9992.0;1
97300;;;VOLCANIC_ROCK;SEASHELLS;10503.0;7
97400;;;RAINFOREST_RESIN;SEASHELLS;10008.0;2
97600;;;JAMS;SEASHELLS;6519.0;6
97700;;;VOLCANIC_ROCK_VOUCHER_10000;SEASHELLS;501.0;17
97700;;;VOLCANIC_ROCK_VOUCHER_10000;SEASHELLS;501.0;1
97700;;;VOLCANIC_ROCK_VOUCHER_10250;SEASHELLS;264.0;17
97700;;;VOLCANIC_ROCK_VOUCHER_10250;SEASHELLS;264.0;1
97700;;;VOLCANIC_ROCK_VOUCHER_10500;SEASHELLS;86.0;17
97700;;;VOLCANIC_ROCK_VOUCHER_10500;SEASHELLS;86.0;1
97700;;;VOLCANIC_ROCK_VOUCHER_9500;SEASHELLS;999.0;17
97700;;;VOLCANIC_ROCK_VOUCHER_9500;SEASHELLS;999.0;1
97700;;;VOLCANIC_ROCK_VOUCHER_9750;SEASHELLS;750.0;17
97700;;;VOLCANIC_ROCK_VOUCHER_9750;SEASHELLS;750.0;1
97800;;;PICNIC_BASKET1;SEASHELLS;58588.0;2
97800;;;PICNIC_BASKET2;SEASHELLS;30250.0;2
97900;;;VOLCANIC_ROCK_VOUCHER_10000;SEASHELLS;498.0;14
97900;;;VOLCANIC_ROCK_VOUCHER_10250;SEASHELLS;261.0;14
97900;;;VOLCANIC_ROCK_VOUCHER_10500;SEASHELLS;84.0;14
97900;;;VOLCANIC_ROCK_VOUCHER_9500;SEASHELLS;996.0;14
97900;;;VOLCANIC_ROCK_VOUCHER_9750;SEASHELLS;746.0;14
98000;;;DJEMBES;SEASHELLS;13364.0;3
98100;;;KELP;SEASHELLS;2033.0;1
98100;;;SQUID_INK;SEASHELLS;1896.0;1
98200;;;KELP;SEASHELLS;2033.0;6
98200;;;PICNIC_BASKET1;SEASHELLS;58564.0;10
98200;;;PICNIC_BASKET2;SEASHELLS;30243.0;10
98200;;;SQUID_INK;SEASHELLS;1894.0;6
98500;;;CROISSANTS;SEASHELLS;4270.0;9
98700;;;CROISSANTS;SEASHELLS;4270.0;8
98800;;;CROISSANTS;SEASHELLS;4270.0;7
98900;;;JAMS;SEASHELLS;6521.0;7
99200;;;JAMS;SEASHELLS;6521.0;6
99200;;;KELP;SEASHELLS;2033.0;2
99200;;;RAINFOREST_RESIN;SEASHELLS;9992.0;5
99200;;;SQUID_INK;SEASHELLS;1896.0;2
99300;;;KELP;SEASHELLS;2035.0;1
99300;;;SQUID_INK;SEASHELLS;1897.0;1
99400;;;CROISSANTS;SEASHELLS;4270.0;6
99400;;;JAMS;SEASHELLS;6518.0;9
99500;;;DJEMBES;SEASHELLS;13366.0;4
99500;;;RAINFOREST_RESIN;SEASHELLS;10008.0;1
99600;;;DJEMBES;SEASHELLS;13366.0;7
99600;;;KELP;SEASHELLS;2036.0;12
99600;;;RAINFOREST_RESIN;SEASHELLS;9992.0;5
99600;;;SQUID_INK;SEASHELLS;1895.0;12
99600;;;VOLCANIC_ROCK_VOUCHER_10000;SEASHELLS;501.0;13
99600;;;VOLCANIC_ROCK_VOUCHER_10250;SEASHELLS;263.0;13
99600;;;VOLCANIC_ROCK_VOUCHER_10500;SEASHELLS;86.0;13
99600;;;VOLCANIC_ROCK_VOUCHER_9500;SEASHELLS;999.0;13
99600;;;VOLCANIC_ROCK_VOUCHER_9750;SEASHELLS;749.0;13
99700;;;KELP;SEASHELLS;2033.0;2
99700;;;SQUID_INK;SEASHELLS;1893.0;2
99700;;;VOLCANIC_ROCK_VOUCHER_10000;SEASHELLS;499.0;12
99700;;;VOLCANIC_ROCK_VOUCHER_10250;SEASHELLS;263.0;12
99700;;;VOLCANIC_ROCK_VOUCHER_10500;SEASHELLS;85.0;12
99700;;;VOLCANIC_ROCK_VOUCHER_9500;SEASHELLS;998.0;12
99700;;;VOLCANIC_ROCK_VOUCHER_9750;SEASHELLS;748.0;12
99900;;;KELP;SEASHELLS;2033.0;1
99900;;;RAINFOREST_RESIN;SEASHELLS;9992.0;4
99900;;;SQUID_INK;SEASHELLS;1892.0;1
100000;;;RAINFOREST_RESIN;SEASHELLS;9992.0;8
100000;;;RAINFOREST_RESIN;SEASHELLS;10008.0;6
100100;;;RAINFOREST_RESIN;SEASHELLS;10001.0;1
100200;;;RAINFOREST_RESIN;SEASHELLS;9992.0;1
100300;;;CROISSANTS;SEASHELLS;4269.0;5
100300;;;KELP;SEASHELLS;2033.0;1
100300;;;SQUID_INK;SEASHELLS;1892.0;1
100400;;;DJEMBES;SEASHELLS;13370.0;5
100600;;;KELP;SEASHELLS;2036.0;14
100600;;;SQUID_INK;SEASHELLS;1896.0;14
100900;;;KELP;SEASHELLS;2035.0;10
100900;;;SQUID_INK;SEASHELLS;1897.0;10
101000;;;RAINFOREST_RESIN;SEASHELLS;9992.0;8
101100;;;RAINFOREST_RESIN;SEASHELLS;9992.0;2
101200;;;RAINFOREST_RESIN;SEASHELLS;9999.0;1
101300;;;VOLCANIC_ROCK_VOUCHER_10000;SEASHELLS;501.0;13
101300;;;VOLCANIC_ROCK_VOUCHER_10250;SEASHELLS;265.0;13
101300;;;VOLCANIC_ROCK_VOUCHER_10500;SEASHELLS;86.0;13
101300;;;VOLCANIC_ROCK_VOUCHER_9500;SEASHELLS;1000.0;13
101300;;;VOLCANIC_ROCK_VOUCHER_9750;SEASHELLS;750.0;13
101400;;;DJEMBES;SEASHELLS;13376.0;4
101400;;;KELP;SEASHELLS;2035.0;1
101400;;;PICNIC_BASKET1;SEASHELLS;58561.0;2
101400;;;PICNIC_BASKET2;SEASHELLS;30217.0;7
101400;;;SQUID_INK;SEASHELLS;1897.0;1
101500;;;DJEMBES;SEASHELLS;13375.0;3
101500;;;KELP;SEASHELLS;2035.0;5
101500;;;KELP;SEASHELLS;2035.0;1
101500;;;PICNIC_BASKET1;SEASHELLS;58569.0;1
101500;;;PICNIC_BASKET2;SEASHELLS;30217.0;8
101500;;;SQUID_INK;SEASHELLS;1896.0;1
101500;;;VOLCANIC_ROCK_VOUCHER_10000;SEASHELLS;503.0;10
101500;;;VOLCANIC_ROCK_VOUCHER_10000;SEASHELLS;503.0;5
101500;;;VOLCANIC_ROCK_VOUCHER_10000;SEASHELLS;503.0;1
101500;;;VOLCANIC_ROCK_VOUCHER_10250;SEASHELLS;265.0;10
101500;;;VOLCANIC_ROCK_VOUCHER_10250;SEASHELLS;265.0;5
101500;;;VOLCANIC_ROCK_VOUCHER_10250;SEASHELLS;265.0;1
101500;;;VOLCANIC_ROCK_VOUCHER_10500;SEASHELLS;87.0;10
101500;;;VOLCANIC_ROCK_VOUCHER_10500;SEASHELLS;87.0;5
101500;;;VOLCANIC_ROCK_VOUCHER_10500;SEASHELLS;87.0;1
101500;;;VOLCANIC_ROCK_VOUCHER_9500;SEASHELLS;1000.0;10
101500;;;VOLCANIC_ROCK_VOUCHER_9500;SEASHELLS;1000.0;5
101500;;;VOLCANIC_ROCK_VOUCHER_9500;SEASHELLS;1000.0;1
101500;;;VOLCANIC_ROCK_VOUCHER_9750;SEASHELLS;751.0;10
101500;;;VOLCANIC_ROCK_VOUCHER_9750;SEASHELLS;751.0;5
101500;;;VOLCANIC_ROCK_VOUCHER_9750;SEASHELLS;751.0;1
101600;;;PICNIC_BASKET1;SEASHELLS;58575.0;8
101600;;;PICNIC_BASKET2;SEASHELLS;30214.0;8
101700;;;CROISSANTS;SEASHELLS;4267.0;6
101700;;;DJEMBES;SEASHELLS;13374.0;3
101900;;;DJEMBES;SEASHELLS;13374.0;2
101900;;;JAMS;SEASHELLS;6516.0;4
101900;;;KELP;SEASHELLS;2035.0;1
101900;;;KELP;SEASHELLS;2034.0;4
101900;;;SQUID_INK;SEASHELLS;1895.0;1
102000;;;DJEMBES;SEASHELLS;13373.0;5
102100;;;CROISSANTS;SEASHELLS;4268.0;8
102100;;;PICNIC_BASKET1;SEASHELLS;58567.0;7
102100;;;PICNIC_BASKET2;SEASHELLS;30202.0;7
102200;;;CROISSANTS;SEASHELLS;4268.0;8
102300;;;CROISSANTS;SEASHELLS;4267.0;6
102400;;;DJEMBES;SEASHELLS;13371.0;4
102400;;;RAINFOREST_RESIN;SEASHELLS;10002.0;4
102400;;;VOLCANIC_ROCK;SEASHELLS;10501.0;8
102400;;;VOLCANIC_ROCK_VOUCHER_10000;SEASHELLS;502.0;14
102400;;;VOLCANIC_ROCK_VOUCHER_10250;SEASHELLS;265.0;14
102400;;;VOLCANIC_ROCK_VOUCHER_10500;SEASHELLS;86.0;14
102400;;;VOLCANIC_ROCK_VOUCHER_9500;SEASHELLS;1000.0;14
102400;;;VOLCANIC_ROCK_VOUCHER_9750;SEASHELLS;750.0;14
102500;;;KELP;SEASHELLS;2035.0;1
102500;;;KELP;SEASHELLS;2035.0;1
102500;;;SQUID_INK;SEASHELLS;1899.0;1
102500;;;SQUID_INK;SEASHELLS;1899.0;1
102600;;;SQUID_INK;SEASHELLS;1898.0;3
102900;;;RAINFOREST_RESIN;SEASHELLS;10008.0;1
102900;;;RAINFOREST_RESIN;SEASHELLS;10002.0;5
103100;;;DJEMBES;SEASHELLS;13375.0;8
103200;;;JAMS;SEASHELLS;6513.0;7
103200;;;RAINFOREST_RESIN;SEASHELLS;10008.0;10
103200;;;VOLCANIC_ROCK;SEASHELLS;10503.0;5
103400;;;KELP;SEASHELLS;2033.0;1
103400;;;KELP;SEASHELLS;2033.0;4
103400;;;KELP;SEASHELLS;2033.0;1
103400;;;SQUID_INK;SEASHELLS;1896.0;1
103400;;;SQUID_INK;SEASHELLS;1896.0;4
103400;;;SQUID_INK;SEASHELLS;1896.0;1
103400;;;VOLCANIC_ROCK_VOUCHER_10000;SEASHELLS;504.0;11
103400;;;VOLCANIC_ROCK_VOUCHER_10250;SEASHELLS;266.0;11
103400;;;VOLCANIC_ROCK_VOUCHER_10500;SEASHELLS;87.0;11
103400;;;VOLCANIC_ROCK_VOUCHER_9500;SEASHELLS;1002.0;11
103400;;;VOLCANIC_ROCK_VOUCHER_9750;SEASHELLS;752.0;11
103500;;;VOLCANIC_ROCK;SEASHELLS;10503.0;5
103600;;;RAINFOREST_RESIN;SEASHELLS;10008.0;1
103600;;;VOLCANIC_ROCK_VOUCHER_10000;SEASHELLS;504.0;13
103600;;;VOLCANIC_ROCK_VOUCHER_10250;SEASHELLS;266.0;13
103600;;;VOLCANIC_ROCK_VOUCHER_10500;SEASHELLS;87.0;13
103600;;;VOLCANIC_ROCK_VOUCHER_9500;SEASHELLS;1002.0;13
103600;;;VOLCANIC_ROCK_VOUCHER_9750;SEASHELLS;752.0;13
104000;;;DJEMBES;SEASHELLS;13374.0;2
104000;;;PICNIC_BASKET1;SEASHELLS;58571.0;2
104000;;;PICNIC_BASKET2;SEASHELLS;30225.0;2
104100;;;CROISSANTS;SEASHELLS;4268.0;5
104300;;;PICNIC_BASKET1;SEASHELLS;58570.0;8
104300;;;PICNIC_BASKET2;SEASHELLS;30219.0;8
104400;;;KELP;SEASHELLS;2036.0;2
104400;;;SQUID_INK;SEASHELLS;1896.0;2
104500;;;JAMS;SEASHELLS;6512.0;7
104500;;;KELP;SEASHELLS;2033.0;2
104500;;;RAINFOREST_RESIN;SEASHELLS;9992.0;6
104500;;;SQUID_INK;SEASHELLS;1894.0;2
104600;;;DJEMBES;SEASHELLS;13378.0;11
104800;;;CROISSANTS;SEASHELLS;4267.0;8
104800;;;KELP;SEASHELLS;2035.0;1
104800;;;SQUID_INK;SEASHELLS;1897.0;1
104900;;;KELP;SEASHELLS;2035.0;1
104900;;;SQUID_INK;SEASHELLS;1896.0;1
105000;;;VOLCANIC_ROCK_VOUCHER_10000;SEASHELLS;496.0;15
105000;;;VOLCANIC_ROCK_VOUCHER_10250;SEASHELLS;259.0;15
105000;;;VOLCANIC_ROCK_VOUCHER_10500;SEASHELLS;84.0;15
105000;;;VOLCANIC_ROCK_VOUCHER_9500;SEASHELLS;994.0;15
105000;;;VOLCANIC_ROCK_VOUCHER_9750;SEASHELLS;744.0;15
105200;;;RAINFOREST_RESIN;SEASHELLS;9992.0;5
105600;;;JAMS;SEASHELLS;6510.0;8
105600;;;RAINFOREST_RESIN;SEASHELLS;10001.0;1
105800;;;KELP;SEASHELLS;2033.0;2
105800;;;SQUID_INK;SEASHELLS;1892.0;2
105900;;;KELP;SEASHELLS;2035.0;1
105900;;;RAINFOREST_RESIN;SEASHELLS;10003.0;9
105900;;;SQUID_INK;SEASHELLS;1894.0;1
106000;;;RAINFOREST_RESIN;SEASHELLS;10008.0;1
106300;;;KELP;SEASHELLS;2034.0;4
106300;;;SQUID_INK;SEASHELLS;1895.0;4
106400;;;JAMS;SEASHELLS;6510.0;8
106400;;;SQUID_INK;SEASHELLS;1897.0;3
106500;;;KELP;SEASHELLS;2035.0;1
106500;;;RAINFOREST_RESIN;SEASHELLS;9992.0;9
106500;;;RAINFOREST_RESIN;SEASHELLS;10008.0;8
106500;;;SQUID_INK;SEASHELLS;1898.0;1
106600;;;CROISSANTS;SEASHELLS;4264.0;8
106700;;;RAINFOREST_RESIN;SEASHELLS;9992.0;1
106800;;;JAMS;SEASHELLS;6510.0;6
107000;;;RAINFOREST_RESIN;SEASHELLS;10001.0;1
107200;;;CROISSANTS;SEASHELLS;4266.0;9
107200;;;JAMS;SEASHELLS;6511.0;7
107200;;;VOLCANIC_ROCK;SEASHELLS;10491.0;8
107300;;;DJEMBES;SEASHELLS;13371.0;3
107300;;;KELP;SEASHELLS;2034.0;2
107300;;;PICNIC_BASKET1;SEASHELLS;58555.0;2
107300;;;PICNIC_BASKET2;SEASHELLS;30207.0;9
107300;;;SQUID_INK;SEASHELLS;1894.0;2
107500;;;DJEMBES;SEASHELLS;13372.0;5
107500;;;VOLCANIC_ROCK;SEASHELLS;10493.0;6
108000;;;JAMS;SEASHELLS;6510.0;10
108100;;;CROISSANTS;SEASHELLS;4268.0;6
108400;;;JAMS;SEASHELLS;6511.0;8
108500;;;DJEMBES;SEASHELLS;13366.0;3
108500;;;VOLCANIC_ROCK;SEASHELLS;10500.0;5
108500;;;VOLCANIC_ROCK_VOUCHER_10000;SEASHELLS;502.0;11
108500;;;VOLCANIC_ROCK_VOUCHER_10250;SEASHELLS;265.0;11
108500;;;VOLCANIC_ROCK_VOUCHER_10500;SEASHELLS;86.0;11
108500;;;VOLCANIC_ROCK_VOUCHER_9500;SEASHELLS;1000.0;11
108500;;;VOLCANIC_ROCK_VOUCHER_9750;SEASHELLS;750.0;11
108600;;;CROISSANTS;SEASHELLS;4266.0;6
108700;;;JAMS;SEASHELLS;6511.0;7
108700;;;RAINFOREST_RESIN;SEASHELLS;9997.0;3
108900;;;VOLCANIC_ROCK_VOUCHER_10000;SEASHELLS;504.0;18
108900;;;VOLCANIC_ROCK_VOUCHER_10250;SEASHELLS;266.0;18
108900;;;VOLCANIC_ROCK_VOUCHER_10500;SEASHELLS;87.0;18
108900;;;VOLCANIC_ROCK_VOUCHER_9750;SEASHELLS;752.0;18
109000;;;KELP;SEASHELLS;2033.0;13
109000;;;SQUID_INK;SEASHELLS;1892.0;13
109200;;;VOLCANIC_ROCK_VOUCHER_10000;SEASHELLS;500.0;12
109200;;;VOLCANIC_ROCK_VOUCHER_10000;SEASHELLS;500.0;1
109200;;;VOLCANIC_ROCK_VOUCHER_10250;SEASHELLS;263.0;12
109200;;;VOLCANIC_ROCK_VOUCHER_10250;SEASHELLS;263.0;1
109200;;;VOLCANIC_ROCK_VOUCHER_10500;SEASHELLS;85.0;12
109200;;;VOLCANIC_ROCK_VOUCHER_10500;SEASHELLS;85.0;1
109200;;;VOLCANIC_ROCK_VOUCHER_9500;SEASHELLS;998.0;12
109200;;;VOLCANIC_ROCK_VOUCHER_9500;SEASHELLS;998.0;1
109200;;;VOLCANIC_ROCK_VOUCHER_9750;SEASHELLS;748.0;12
109200;;;VOLCANIC_ROCK_VOUCHER_9750;SEASHELLS;748.0;1
109300;;;CROISSANTS;SEASHELLS;4267.0;7
109500;;;DJEMBES;SEASHELLS;13366.0;2
109500;;;JAMS;SEASHELLS;6511.0;6
109500;;;KELP;SEASHELLS;2034.0;1
109500;;;SQUID_INK;SEASHELLS;1891.0;1
109500;;;VOLCANIC_ROCK;SEASHELLS;10497.0;3
109700;;;JAMS;SEASHELLS;6513.0;4
109700;;;RAINFOREST_RESIN;SEASHELLS;9992.0;4
109900;;;DJEMBES;SEASHELLS;13365.0;4
110000;;;PICNIC_BASKET1;SEASHELLS;58562.0;1
110000;;;PICNIC_BASKET1;SEASHELLS;58562.0;6
110100;;;RAINFOREST_RESIN;SEASHELLS;10008.0;4
110400;;;DJEMBES;SEASHELLS;13364.0;3
110900;;;KELP;SEASHELLS;2037.0;2
110900;;;SQUID_INK;SEASHELLS;1894.0;2
110900;;;SQUID_INK;SEASHELLS;1893.0;1
111100;;;KELP;SEASHELLS;2036.0;1
111100;;;KELP;SEASHELLS;2036.0;1
111100;;;SQUID_INK;SEASHELLS;1893.0;2
111400;;;CROISSANTS;SEASHELLS;4266.0;5
111400;;;JAMS;SEASHELLS;6517.0;8
111500;;;DJEMBES;SEASHELLS;13363.0;2
111500;;;KELP;SEASHELLS;2033.0;1
111500;;;RAINFOREST_RESIN;SEASHELLS;9999.0;1
111500;;;SQUID_INK;SEASHELLS;1889.0;1
111600;;;KELP;SEASHELLS;2033.0;1
111600;;;SQUID_INK;SEASHELLS;1890.0;1
112000;;;CROISSANTS;SEASHELLS;4267.0;7
112000;;;KELP;SEASHELLS;2036.0;1
112000;;;SQUID_INK;SEASHELLS;1892.0;1
112200;;;DJEMBES;SEASHELLS;13359.0;2
112500;;;JAMS;SEASHELLS;6515.0;10
112500;;;RAINFOREST_RESIN;SEASHELLS;10008.0;2
112500;;;VOLCANIC_ROCK_VOUCHER_10000;SEASHELLS;497.0;16
112500;;;VOLCANIC_ROCK_VOUCHER_10250;SEASHELLS;260.0;16
112500;;;VOLCANIC_ROCK_VOUCHER_10500;SEASHELLS;84.0;16
112500;;;VOLCANIC_ROCK_VOUCHER_9500;SEASHELLS;995.0;16
112500;;;VOLCANIC_ROCK_VOUCHER_9750;SEASHELLS;745.0;16
112800;;;VOLCANIC_ROCK;SEASHELLS;10490.0;9
112900;;;DJEMBES;SEASHELLS;13357.0;2
112900;;;RAINFOREST_RESIN;SEASHELLS;9999.0;1
113000;;;KELP;SEASHELLS;2035.0;1
113000;;;SQUID_INK;SEASHELLS;1896.0;1
113100;;;CROISSANTS;SEASHELLS;4266.0;8
113200;;;RAINFOREST_RESIN;SEASHELLS;10008.0;2
113300;;;RAINFOREST_RESIN;SEASHELLS;9999.0;1
113400;;;JAMS;SEASHELLS;6514.0;9
113400;;;KELP;SEASHELLS;2033.0;9
113400;;;SQUID_INK;SEASHELLS;1894.0;9
113500;;;VOLCANIC_ROCK_VOUCHER_10000;SEASHELLS;491.0;12
113500;;;VOLCANIC_ROCK_VOUCHER_10000;SEASHELLS;491.0;2
113500;;;VOLCANIC_ROCK_VOUCHER_10500;SEASHELLS;80.0;12
113500;;;VOLCANIC_ROCK_VOUCHER_10500;SEASHELLS;80.0;2
113500;;;VOLCANIC_ROCK_VOUCHER_9500;SEASHELLS;989.0;12
113500;;;VOLCANIC_ROCK_VOUCHER_9500;SEASHELLS;989.0;2
113500;;;VOLCANIC_ROCK_VOUCHER_9750;SEASHELLS;739.0;12
113500;;;VOLCANIC_ROCK_VOUCHER_9750;SEASHELLS;739.0;2
113700;;;SQUID_INK;SEASHELLS;1899.0;1
113700;;;VOLCANIC_ROCK_VOUCHER_10000;SEASHELLS;491.0;10
113700;;;VOLCANIC_ROCK_VOUCHER_10250;SEASHELLS;254.0;10
113700;;;VOLCANIC_ROCK_VOUCHER_10500;SEASHELLS;81.0;10
113700;;;VOLCANIC_ROCK_VOUCHER_9500;SEASHELLS;988.0;10
113700;;;VOLCANIC_ROCK_VOUCHER_9750;SEASHELLS;738.0;10
113900;;;KELP;SEASHELLS;2035.0;1
113900;;;SQUID_INK;SEASHELLS;1898.0;1
114200;;;RAINFOREST_RESIN;SEASHELLS;10001.0;1
114200;;;VOLCANIC_ROCK;SEASHELLS;10483.0;9
114400;;;DJEMBES;SEASHELLS;13357.0;3
114400;;;RAINFOREST_RESIN;SEASHELLS;10001.0;1
114400;;;RAINFOREST_RESIN;SEASHELLS;10001.0;2
114600;;;PICNIC_BASKET1;SEASHELLS;58513.0;9
114600;;;PICNIC_BASKET2;SEASHELLS;30215.0;9
114700;;;CROISSANTS;SEASHELLS;4266.0;9
114700;;;DJEMBES;SEASHELLS;13357.0;1
114700;;;RAINFOREST_RESIN;SEASHELLS;10008.0;9
114800;;;VOLCANIC_ROCK_VOUCHER_10000;SEASHELLS;483.0;13
114800;;;VOLCANIC_ROCK_VOUCHER_10250;SEASHELLS;247.0;13
114800;;;VOLCANIC_ROCK_VOUCHER_10500;SEASHELLS;76.0;13
114800;;;VOLCANIC_ROCK_VOUCHER_9500;SEASHELLS;980.0;13
114800;;;VOLCANIC_ROCK_VOUCHER_9750;SEASHELLS;730.0;13
114900;;;JAMS;SEASHELLS;6517.0;9
114900;;;PICNIC_BASKET1;SEASHELLS;58503.0;1
114900;;;PICNIC_BASKET2;SEASHELLS;30213.0;1
115100;;;KELP;SEASHELLS;2033.0;1
115100;;;PICNIC_BASKET1;SEASHELLS;58515.0;3
115100;;;PICNIC_BASKET1;SEASHELLS;58510.0;3
115100;;;PICNIC_BASKET2;SEASHELLS;30218.0;3
115100;;;PICNIC_BASKET2;SEASHELLS;30215.0;3
115200;;;RAINFOREST_RESIN;SEASHELLS;9992.0;4
115300;;;KELP;SEASHELLS;2033.0;11
115300;;;RAINFOREST_RESIN;SEASHELLS;9997.0;7
115300;;;SQUID_INK;SEASHELLS;1896.0;11
115400;;;KELP;SEASHELLS;2035.0;1
115400;;;PICNIC_BASKET1;SEASHELLS;58522.0;1
115400;;;PICNIC_BASKET2;SEASHELLS;30218.0;1
115500;;;KELP;SEASHELLS;2033.0;1
115500;;;SQUID_INK;SEASHELLS;1895.0;1
115900;;;KELP;SEASHELLS;2034.0;2
115900;;;SQUID_INK;SEASHELLS;1898.0;2
116100;;;KELP;SEASHELLS;2035.0;2
116100;;;RAINFOREST_RESIN;SEASHELLS;10001.0;1
116100;;;SQUID_INK;SEASHELLS;1897.0;2
116400;;;VOLCANIC_ROCK_VOUCHER_10000;SEASHELLS;476.0;11
116400;;;VOLCANIC_ROCK_VOUCHER_10000;SEASHELLS;476.0;1
116400;;;VOLCANIC_ROCK_VOUCHER_10250;SEASHELLS;241.0;11
116400;;;VOLCANIC_ROCK_VOUCHER_10250;SEASHELLS;241.0;1
116400;;;VOLCANIC_ROCK_VOUCHER_10500;SEASHELLS;73.0;11
116400;;;VOLCANIC_ROCK_VOUCHER_10500;SEASHELLS;73.0;1
116400;;;VOLCANIC_ROCK_VOUCHER_9500;SEASHELLS;974.0;11
116400;;;VOLCANIC_ROCK_VOUCHER_9500;SEASHELLS;974.0;1
116400;;;VOLCANIC_ROCK_VOUCHER_9750;SEASHELLS;724.0;11
116400;;;VOLCANIC_ROCK_VOUCHER_9750;SEASHELLS;724.0;1
116600;;;DJEMBES;SEASHELLS;13365.0;3
116700;;;VOLCANIC_ROCK_VOUCHER_10000;SEASHELLS;473.0;14
116700;;;VOLCANIC_ROCK_VOUCHER_10250;SEASHELLS;239.0;14
116700;;;VOLCANIC_ROCK_VOUCHER_10500;SEASHELLS;72.0;14
116700;;;VOLCANIC_ROCK_VOUCHER_9500;SEASHELLS;971.0;14
116700;;;VOLCANIC_ROCK_VOUCHER_9750;SEASHELLS;721.0;14
116800;;;DJEMBES;SEASHELLS;13366.0;4
116800;;;RAINFOREST_RESIN;SEASHELLS;10003.0;5
117000;;;JAMS;SEASHELLS;6518.0;4
117000;;;VOLCANIC_ROCK;SEASHELLS;10472.0;10
117100;;;KELP;SEASHELLS;2034.0;2
117500;;;JAMS;SEASHELLS;6519.0;7
117500;;;KELP;SEASHELLS;2032.0;1
117500;;;SQUID_INK;SEASHELLS;1901.0;1
117700;;;VOLCANIC_ROCK_VOUCHER_10000;SEASHELLS;478.0;13
117700;;;VOLCANIC_ROCK_VOUCHER_10250;SEASHELLS;242.0;13
117700;;;VOLCANIC_ROCK_VOUCHER_10500;SEASHELLS;74.0;13
117700;;;VOLCANIC_ROCK_VOUCHER_9500;SEASHELLS;975.0;13
117700;;;VOLCANIC_ROCK_VOUCHER_9750;SEASHELLS;725.0;13
118100;;;VOLCANIC_ROCK;SEASHELLS;10472.0;5
118200;;;KELP;SEASHELLS;2033.0;1
118200;;;KELP;SEASHELLS;2032.0;8
118200;;;RAINFOREST_RESIN;SEASHELLS;9992.0;4
118200;;;SQUID_INK;SEASHELLS;1902.0;1
118200;;;SQUID_INK;SEASHELLS;1902.0;8
118300;;;KELP;SEASHELLS;2032.0;1
118300;;;SQUID_INK;SEASHELLS;1902.0;1
118600;;;VOLCANIC_ROCK;SEASHELLS;10471.0;3
118800;;;RAINFOREST_RESIN;SEASHELLS;9992.0;4
118900;;;VOLCANIC_ROCK;SEASHELLS;10470.0;6
119200;;;CROISSANTS;SEASHELLS;4265.0;5
119200;;;DJEMBES;SEASHELLS;13371.0;5
119600;;;KELP;SEASHELLS;2034.0;1
119600;;;KELP;SEASHELLS;2034.0;1
119600;;;SQUID_INK;SEASHELLS;1903.0;2
120000;;;KELP;SEASHELLS;2031.0;1
120000;;;SQUID_INK;SEASHELLS;1899.0;1
120100;;;JAMS;SEASHELLS;6516.0;9
120500;;;PICNIC_BASKET1;SEASHELLS;58533.0;1
120500;;;PICNIC_BASKET2;SEASHELLS;30200.0;9
120600;;;JAMS;SEASHELLS;6516.0;9
120600;;;KELP;SEASHELLS;2032.0;1
120600;;;SQUID_INK;SEASHELLS;1898.0;1
120800;;;KELP;SEASHELLS;2032.0;1
120800;;;SQUID_INK;SEASHELLS;1900.0;1
121000;;;PICNIC_BASKET1;SEASHELLS;58549.0;6
121000;;;PICNIC_BASKET2;SEASHELLS;30200.0;6
121000;;;RAINFOREST_RESIN;SEASHELLS;10008.0;2
121000;;;RAINFOREST_RESIN;SEASHELLS;10002.0;4
121100;;;CROISSANTS;SEASHELLS;4268.0;5
121300;;;CROISSANTS;SEASHELLS;4268.0;6
121300;;;PICNIC_BASKET1;SEASHELLS;58557.0;2
121300;;;PICNIC_BASKET1;SEASHELLS;58556.0;3
121300;;;PICNIC_BASKET2;SEASHELLS;30202.0;5
121400;;;RAINFOREST_RESIN;SEASHELLS;10001.0;1
121800;;;DJEMBES;SEASHELLS;13378.0;1
121800;;;JAMS;SEASHELLS;6516.0;5
121800;;;KELP;SEASHELLS;2033.0;3
121800;;;SQUID_INK;SEASHELLS;1902.0;3
121900;;;PICNIC_BASKET1;SEASHELLS;58539.0;2
121900;;;PICNIC_BASKET2;SEASHELLS;30195.0;2
121900;;;VOLCANIC_ROCK_VOUCHER_10000;SEASHELLS;465.0;11
121900;;;VOLCANIC_ROCK_VOUCHER_10000;SEASHELLS;465.0;1
121900;;;VOLCANIC_ROCK_VOUCHER_10250;SEASHELLS;232.0;11
121900;;;VOLCANIC_ROCK_VOUCHER_10250;SEASHELLS;232.0;1
121900;;;VOLCANIC_ROCK_VOUCHER_10500;SEASHELLS;68.0;11
121900;;;VOLCANIC_ROCK_VOUCHER_10500;SEASHELLS;68.0;1
121900;;;VOLCANIC_ROCK_VOUCHER_9500;SEASHELLS;963.0;2
121900;;;VOLCANIC_ROCK_VOUCHER_9750;SEASHELLS;713.0;11
121900;;;VOLCANIC_ROCK_VOUCHER_9750;SEASHELLS;713.0;1
122300;;;CROISSANTS;SEASHELLS;4266.0;10
122400;;;RAINFOREST_RESIN;SEASHELLS;10003.0;9
122600;;;KELP;SEASHELLS;2032.0;1
122600;;;SQUID_INK;SEASHELLS;1899.0;1
122700;;;VOLCANIC_ROCK_VOUCHER_10000;SEASHELLS;462.0;11
122700;;;VOLCANIC_ROCK_VOUCHER_10000;SEASHELLS;462.0;2
122700;;;VOLCANIC_ROCK_VOUCHER_10250;SEASHELLS;229.0;11
122700;;;VOLCANIC_ROCK_VOUCHER_10250;SEASHELLS;229.0;2
122700;;;VOLCANIC_ROCK_VOUCHER_10500;SEASHELLS;67.0;11
122700;;;VOLCANIC_ROCK_VOUCHER_10500;SEASHELLS;67.0;2
122700;;;VOLCANIC_ROCK_VOUCHER_9500;SEASHELLS;959.0;11
122700;;;VOLCANIC_ROCK_VOUCHER_9500;SEASHELLS;959.0;2
122700;;;VOLCANIC_ROCK_VOUCHER_9750;SEASHELLS;710.0;11
122700;;;VOLCANIC_ROCK_VOUCHER_9750;SEASHELLS;710.0;2
122800;;;JAMS;SEASHELLS;6514.0;5
123000;;;CROISSANTS;SEASHELLS;4266.0;6
123100;;;JAMS;SEASHELLS;6514.0;4
123200;;;KELP;SEASHELLS;2034.0;1
123200;;;VOLCANIC_ROCK_VOUCHER_10000;SEASHELLS;467.0;17
123200;;;VOLCANIC_ROCK_VOUCHER_10250;SEASHELLS;233.0;17
123200;;;VOLCANIC_ROCK_VOUCHER_10500;SEASHELLS;69.0;17
123200;;;VOLCANIC_ROCK_VOUCHER_9500;SEASHELLS;964.0;17
123200;;;VOLCANIC_ROCK_VOUCHER_9750;SEASHELLS;715.0;17
123300;;;RAINFOREST_RESIN;SEASHELLS;10001.0;1
123400;;;DJEMBES;SEASHELLS;13380.0;1
123500;;;KELP;SEASHELLS;2032.0;1
123500;;;SQUID_INK;SEASHELLS;1902.0;1
123600;;;KELP;SEASHELLS;2032.0;15
123600;;;KELP;SEASHELLS;2032.0;2
123600;;;SQUID_INK;SEASHELLS;1903.0;15
123600;;;SQUID_INK;SEASHELLS;1903.0;2
123700;;;KELP;SEASHELLS;2034.0;1
123700;;;SQUID_INK;SEASHELLS;1905.0;1
123800;;;VOLCANIC_ROCK;SEASHELLS;10463.0;7
123900;;;RAINFOREST_RESIN;SEASHELLS;9992.0;6
124000;;;KELP;SEASHELLS;2034.0;1
124200;;;RAINFOREST_RESIN;SEASHELLS;10001.0;1
124300;;;KELP;SEASHELLS;2032.0;1
124300;;;SQUID_INK;SEASHELLS;1905.0;1
124400;;;PICNIC_BASKET1;SEASHELLS;58556.0;1
124400;;;PICNIC_BASKET1;SEASHELLS;58556.0;7
124400;;;PICNIC_BASKET2;SEASHELLS;30192.0;1
124400;;;PICNIC_BASKET2;SEASHELLS;30191.0;7
124600;;;VOLCANIC_ROCK;SEASHELLS;10460.0;10
124700;;;CROISSANTS;SEASHELLS;4266.0;8
124800;;;VOLCANIC_ROCK_VOUCHER_10000;SEASHELLS;458.0;11
124800;;;VOLCANIC_ROCK_VOUCHER_10000;SEASHELLS;459.0;18
124800;;;VOLCANIC_ROCK_VOUCHER_10250;SEASHELLS;225.0;11
124800;;;VOLCANIC_ROCK_VOUCHER_10250;SEASHELLS;226.0;18
124800;;;VOLCANIC_ROCK_VOUCHER_10500;SEASHELLS;65.0;11
124800;;;VOLCANIC_ROCK_VOUCHER_10500;SEASHELLS;66.0;18
124800;;;VOLCANIC_ROCK_VOUCHER_9500;SEASHELLS;954.0;11
124800;;;VOLCANIC_ROCK_VOUCHER_9500;SEASHELLS;955.0;18
124800;;;VOLCANIC_ROCK_VOUCHER_9750;SEASHELLS;705.0;11
124800;;;VOLCANIC_ROCK_VOUCHER_9750;SEASHELLS;706.0;18
125000;;;CROISSANTS;SEASHELLS;4266.0;8
125000;;;RAINFOREST_RESIN;SEASHELLS;9992.0;2
125200;;;RAINFOREST_RESIN;SEASHELLS;9992.0;2
125400;;;CROISSANTS;SEASHELLS;4266.0;8
125500;;;CROISSANTS;SEASHELLS;4266.0;7
125500;;;KELP;SEASHELLS;2032.0;1
125500;;;SQUID_INK;SEASHELLS;1900.0;1
125600;;;RAINFOREST_RESIN;SEASHELLS;9992.0;2
125600;;;VOLCANIC_ROCK;SEASHELLS;10451.0;3
125600;;;VOLCANIC_ROCK;SEASHELLS;10451.0;6
125700;;;RAINFOREST_RESIN;SEASHELLS;9999.0;1
125900;;;KELP;SEASHELLS;2033.0;3
125900;;;SQUID_INK;SEASHELLS;1900.0;3
126100;;;RAINFOREST_RESIN;SEASHELLS;9999.0;1
126100;;;VOLCANIC_ROCK_VOUCHER_10000;SEASHELLS;456.0;10
126100;;;VOLCANIC_ROCK_VOUCHER_10250;SEASHELLS;224.0;10
126100;;;VOLCANIC_ROCK_VOUCHER_10500;SEASHELLS;64.0;10
126100;;;VOLCANIC_ROCK_VOUCHER_9500;SEASHELLS;953.0;10
126100;;;VOLCANIC_ROCK_VOUCHER_9750;SEASHELLS;703.0;10
126500;;;JAMS;SEASHELLS;6520.0;7
126500;;;KELP;SEASHELLS;2034.0;1
126500;;;SQUID_INK;SEASHELLS;1902.0;1
126800;;;DJEMBES;SEASHELLS;13375.0;4
126800;;;JAMS;SEASHELLS;6522.0;7
126900;;;CROISSANTS;SEASHELLS;4267.0;7
127000;;;KELP;SEASHELLS;2032.0;1
127000;;;SQUID_INK;SEASHELLS;1901.0;1
127100;;;VOLCANIC_ROCK;SEASHELLS;10455.0;8
127100;;;VOLCANIC_ROCK;SEASHELLS;10456.0;6
127200;;;KELP;SEASHELLS;2031.0;1
127200;;;SQUID_INK;SEASHELLS;1898.0;1
127400;;;KELP;SEASHELLS;2032.0;5
127400;;;KELP;SEASHELLS;2032.0;3
127400;;;RAINFOREST_RESIN;SEASHELLS;9997.0;6
127400;;;SQUID_INK;SEASHELLS;1899.0;5
127400;;;SQUID_INK;SEASHELLS;1899.0;3
127600;;;KELP;SEASHELLS;2031.0;1
127600;;;RAINFOREST_RESIN;SEASHELLS;10008.0;6
127600;;;SQUID_INK;SEASHELLS;1898.0;1
128100;;;KELP;SEASHELLS;2032.0;1
128100;;;SQUID_INK;SEASHELLS;1901.0;1
128200;;;RAINFOREST_RESIN;SEASHELLS;10008.0;8
128300;;;CROISSANTS;SEASHELLS;4268.0;8
128300;;;VOLCANIC_ROCK;SEASHELLS;10443.0;8
128400;;;DJEMBES;SEASHELLS;13375.0;3
128400;;;KELP;SEASHELLS;2033.0;1
128400;;;SQUID_INK;SEASHELLS;1901.0;1
128500;;;VOLCANIC_ROCK;SEASHELLS;10443.0;8
128900;;;KELP;SEASHELLS;2031.0;14
128900;;;SQUID_INK;SEASHELLS;1900.0;14
129000;;;KELP;SEASHELLS;2031.0;1
129000;;;SQUID_INK;SEASHELLS;1900.0;1
129100;;;JAMS;SEASHELLS;6526.0;11
129200;;;KELP;SEASHELLS;2033.0;1
129200;;;SQUID_INK;SEASHELLS;1901.0;1
129400;;;CROISSANTS;SEASHELLS;4269.0;7
129400;;;DJEMBES;SEASHELLS;13366.0;8
129400;;;JAMS;SEASHELLS;6525.0;4
129500;;;CROISSANTS;SEASHELLS;4268.0;6
129700;;;KELP;SEASHELLS;2032.0;2
129700;;;KELP;SEASHELLS;2032.0;1
129700;;;SQUID_INK;SEASHELLS;1898.0;3
129700;;;SQUID_INK;SEASHELLS;1901.0;2
129900;;;KELP;SEASHELLS;2031.0;1
129900;;;SQUID_INK;SEASHELLS;1899.0;1
130000;;;CROISSANTS;SEASHELLS;4270.0;5
130000;;;KELP;SEASHELLS;2031.0;10
130000;;;SQUID_INK;SEASHELLS;1900.0;10
130200;;;DJEMBES;SEASHELLS;13364.0;5
